<?xml version="1.0" encoding="UTF-8"?>
<!DOCTYPE html PUBLIC "-//W3C//DTD XHTML 1.0 Transitional//EN"
    "http://www.w3.org/TR/xhtml1/DTD/xhtml1-transitional.dtd">
<html xmlns="http://www.w3.org/1999/xhtml" xml:lang="en" lang="en">
 <head>
  <title>
</title>
<meta http-equiv="Content-Type" content="text/html;charset=utf-8" />
  <meta name='ocr-system' content='tesseract 3.04.00' />
  <meta name='ocr-capabilities' content='ocr_page ocr_carea ocr_par ocr_line ocrx_word'/>
</head>
<body>
  <div class='ocr_page' id='page_1' title='image "./larisurrezioned00solagoog_0011.png"; bbox 0 0 5300 7100; ppageno 0'>
   <div class='ocr_carea' id='block_1_1' title="bbox 1062 133 1684 226">
    <p class='ocr_par' dir='ltr' id='par_1_1' title="bbox 1062 133 1684 226">
     <span class='ocr_line' id='line_1_1' title="bbox 1062 133 1684 226; baseline -0.002 0"><span class='ocrx_word' id='word_1_1' title='bbox 1062 170 1111 226; x_wconf 69' lang='lat' dir='ltr'>ts</span> <span class='ocrx_word' id='word_1_2' title='bbox 1139 133 1417 225; x_wconf 68' lang='lat' dir='ltr'>susurruszrous</span> <span class='ocrx_word' id='word_1_3' title='bbox 1447 167 1488 224; x_wconf 83' lang='lat' dir='ltr'><strong>m</strong></span> <span class='ocrx_word' id='word_1_4' title='bbox 1516 171 1684 226; x_wconf 75' lang='lat' dir='ltr'>LAzzARO</span> 
     </span>
    </p>
   </div>
   <div class='ocr_carea' id='block_1_2' title="bbox 1282 402 1469 468">
    <p class='ocr_par' dir='ltr' id='par_1_2' title="bbox 1282 402 1469 468">
     <span class='ocr_line' id='line_1_2' title="bbox 1282 402 1469 468; baseline 0.011 -2"><span class='ocrx_word' id='word_1_5' title='bbox 1282 402 1469 468; x_wconf 90' lang='lat' dir='ltr'>STORICO.</span> 
     </span>
    </p>
   </div>
   <div class='ocr_carea' id='block_1_3' title="bbox 314 560 2542 798">
    <p class='ocr_par' dir='ltr' id='par_1_3' title="bbox 314 560 2542 798">
     <span class='ocr_line' id='line_1_3' title="bbox 368 560 2542 672; baseline -0.001 -26"><span class='ocrx_word' id='word_1_6' title='bbox 368 566 568 672; x_wconf 87' lang='lat' dir='ltr'>Diligebat</span> <span class='ocrx_word' id='word_1_7' title='bbox 587 584 717 644; x_wconf 86' lang='lat' dir='ltr'>autem</span> <span class='ocrx_word' id='word_1_8' title='bbox 733 567 843 670; x_wconf 83' lang='lat' dir='ltr'>Jesus</span> <span class='ocrx_word' id='word_1_9' title='bbox 860 560 1076 656; x_wconf 84' lang='lat' dir='ltr'>Martham,</span> <span class='ocrx_word' id='word_1_10' title='bbox 1093 582 1132 640; x_wconf 90' lang='lat' dir='ltr'>et</span> <span class='ocrx_word' id='word_1_11' title='bbox 1150 589 1323 640; x_wconf 86' lang='lat' dir='ltr'>sororem</span> <span class='ocrx_word' id='word_1_12' title='bbox 1491 561 1627 640; x_wconf 84' lang='lat' dir='ltr'>Voleua</span> <span class='ocrx_word' id='word_1_13' title='bbox 1655 561 1740 640; x_wconf 75' lang='lat' dir='ltr'>bene</span> <span class='ocrx_word' id='word_1_14' title='bbox 1767 564 1862 643; x_wconf 63' lang='lat' dir='ltr'>Geszi</span> <span class='ocrx_word' id='word_1_15' title='bbox 1888 595 1913 642; x_wconf 86' lang='lat' dir='ltr'>a</span> <span class='ocrx_word' id='word_1_16' title='bbox 1941 565 2089 658; x_wconf 72' lang='lat' dir='ltr'>Marta,</span> <span class='ocrx_word' id='word_1_17' title='bbox 2108 563 2154 642; x_wconf 85' lang='lat' dir='ltr'>ed</span> <span class='ocrx_word' id='word_1_18' title='bbox 2171 593 2196 643; x_wconf 87' lang='lat' dir='ltr'>a</span> <span class='ocrx_word' id='word_1_19' title='bbox 2217 565 2352 645; x_wconf 82' lang='lat' dir='ltr'>Maria</span> <span class='ocrx_word' id='word_1_20' title='bbox 2370 595 2438 645; x_wconf 84' lang='lat' dir='ltr'>sua</span> <span class='ocrx_word' id='word_1_21' title='bbox 2539 635 2542 643; x_wconf 90' lang='lat'><em>.</em></span> 
     </span>
     <span class='ocr_line' id='line_1_4' title="bbox 314 685 1896 798; baseline -0.004 -25"><span class='ocrx_word' id='word_1_22' title='bbox 314 693 398 798; x_wconf 86' lang='lat' dir='ltr'>ejus</span> <span class='ocrx_word' id='word_1_23' title='bbox 427 690 613 786; x_wconf 87' lang='lat' dir='ltr'>Mariam,</span> <span class='ocrx_word' id='word_1_24' title='bbox 642 710 682 769; x_wconf 88' lang='lat' dir='ltr'>et</span> <span class='ocrx_word' id='word_1_25' title='bbox 709 693 915 770; x_wconf 88' lang='lat' dir='ltr'><strong>Lazarum.</strong></span> <span class='ocrx_word' id='word_1_26' title='bbox 1431 685 1575 780; x_wconf 83' lang='lat' dir='ltr'>sorella,</span> <span class='ocrx_word' id='word_1_27' title='bbox 1604 715 1674 763; x_wconf 86' lang='lat' dir='ltr'>ea</span> <span class='ocrx_word' id='word_1_28' title='bbox 1702 688 1896 766; x_wconf 84' lang='lat' dir='ltr'>Lazzaro.</span> 
     </span>
    </p>
   </div>
   <div class='ocr_carea' id='block_1_4' title="bbox 1283 1029 1470 1094">
    <p class='ocr_par' dir='ltr' id='par_1_4' title="bbox 1283 1029 1470 1094">
     <span class='ocr_line' id='line_1_5' title="bbox 1283 1029 1470 1094; baseline -0.011 0"><span class='ocrx_word' id='word_1_29' title='bbox 1283 1029 1470 1094; x_wconf 87' lang='lat' dir='ltr'><strong>STORICO.</strong></span> 
     </span>
    </p>
   </div>
   <div class='ocr_carea' id='block_1_5' title="bbox 314 1189 2443 1427">
    <p class='ocr_par' dir='ltr' id='par_1_5' title="bbox 314 1189 2443 1427">
     <span class='ocr_line' id='line_1_6' title="bbox 366 1189 2443 1302; baseline -0.002 -27"><span class='ocrx_word' id='word_1_30' title='bbox 366 1194 485 1276; x_wconf 90' lang='lat' dir='ltr'>Venit</span> <span class='ocrx_word' id='word_1_31' title='bbox 511 1194 641 1302; x_wconf 88' lang='lat' dir='ltr'>itaque</span> <span class='ocrx_word' id='word_1_32' title='bbox 667 1195 791 1298; x_wconf 88' lang='lat' dir='ltr'>Jesus,</span> <span class='ocrx_word' id='word_1_33' title='bbox 818 1210 856 1270; x_wconf 88' lang='lat' dir='ltr'>et</span> <span class='ocrx_word' id='word_1_34' title='bbox 884 1189 1031 1268; x_wconf 88' lang='lat' dir='ltr'>invenit</span> <span class='ocrx_word' id='word_1_35' title='bbox 1051 1218 1143 1269; x_wconf 87' lang='lat' dir='ltr'>eum</span> <span class='ocrx_word' id='word_1_36' title='bbox 1163 1207 1327 1297; x_wconf 84' lang='lat' dir='ltr'>quatuor</span> <span class='ocrx_word' id='word_1_37' title='bbox 1487 1190 1677 1269; x_wconf 87' lang='lat' dir='ltr'>Arrivato</span> <span class='ocrx_word' id='word_1_38' title='bbox 1698 1193 1805 1283; x_wconf 69' lang='lat' dir='ltr'>Gerr),</span> <span class='ocrx_word' id='word_1_39' title='bbox 1826 1189 1983 1268; x_wconf 80' lang='lat' dir='ltr'>travollo</span> <span class='ocrx_word' id='word_1_40' title='bbox 1996 1189 2064 1295; x_wconf 73' lang='lat' dir='ltr'>giu</span> <span class='ocrx_word' id='word_1_41' title='bbox 2083 1189 2133 1267; x_wconf 84' lang='lat' dir='ltr'>da</span> <span class='ocrx_word' id='word_1_42' title='bbox 2151 1208 2299 1297; x_wconf 83' lang='lat' dir='ltr'>quattro</span> <span class='ocrx_word' id='word_1_43' title='bbox 2311 1193 2443 1299; x_wconf 84' lang='lat' dir='ltr'>giorni</span> 
     </span>
     <span class='ocr_line' id='line_1_7' title="bbox 314 1313 1114 1427; baseline -0.008 -25"><span class='ocrx_word' id='word_1_44' title='bbox 314 1324 395 1403; x_wconf 91' lang='lat' dir='ltr'>dies</span> <span class='ocrx_word' id='word_1_45' title='bbox 421 1321 508 1427; x_wconf 87' lang='lat' dir='ltr'>jam</span> <span class='ocrx_word' id='word_1_46' title='bbox 535 1321 574 1398; x_wconf 90' lang='lat' dir='ltr'>in</span> <span class='ocrx_word' id='word_1_47' title='bbox 603 1335 862 1397; x_wconf 89' lang='lat' dir='ltr'>monumento</span> <span class='ocrx_word' id='word_1_48' title='bbox 891 1313 1114 1396; x_wconf 86' lang='lat' dir='ltr'><strong>habentem.</strong></span> 
     </span>
    </p>
   </div>
   <div class='ocr_carea' id='block_1_6' title="bbox 202 1565 2441 1800">
    <p class='ocr_par' dir='ltr' id='par_1_6' title="bbox 202 1565 2441 1800">
     <span class='ocr_line' id='line_1_8' title="bbox 364 1565 2441 1674; baseline -0.01 -20"><span class='ocrx_word' id='word_1_49' title='bbox 364 1573 487 1654; x_wconf 91' lang='lat' dir='ltr'>Multi</span> <span class='ocrx_word' id='word_1_50' title='bbox 515 1590 648 1651; x_wconf 89' lang='lat' dir='ltr'>autem</span> <span class='ocrx_word' id='word_1_51' title='bbox 676 1597 724 1648; x_wconf 78' lang='lat' dir='ltr'>ex</span> <span class='ocrx_word' id='word_1_52' title='bbox 748 1567 908 1674; x_wconf 86' lang='lat' dir='ltr'>Judaeis</span> <span class='ocrx_word' id='word_1_53' title='bbox 938 1584 1122 1645; x_wconf 82' lang='lat' dir='ltr'>venerant</span> <span class='ocrx_word' id='word_1_54' title='bbox 1141 1565 1189 1642; x_wconf 87' lang='lat' dir='ltr'>ad</span> <span class='ocrx_word' id='word_1_55' title='bbox 1210 1567 1319 1642; x_wconf 90' lang='lat' dir='ltr'>Mar·</span> <span class='ocrx_word' id='word_1_56' title='bbox 1483 1572 1520 1646; x_wconf 89' lang='lat' dir='ltr'><em>E</em></span> <span class='ocrx_word' id='word_1_57' title='bbox 1556 1571 1662 1647; x_wconf 83' lang='lat' dir='ltr'>molti</span> <span class='ocrx_word' id='word_1_58' title='bbox 1698 1569 1832 1647; x_wconf 82' lang='lat' dir='ltr'>Giudei</span> <span class='ocrx_word' id='word_1_59' title='bbox 1865 1596 1975 1648; x_wconf 86' lang='lat' dir='ltr'>erano</span> <span class='ocrx_word' id='word_1_60' title='bbox 2012 1568 2142 1646; x_wconf 83' lang='lat' dir='ltr'>venuti</span> <span class='ocrx_word' id='word_1_61' title='bbox 2172 1567 2221 1646; x_wconf 75' lang='lat' dir='ltr'>da</span> <span class='ocrx_word' id='word_1_62' title='bbox 2256 1571 2441 1648; x_wconf 66' lang='lat' dir='ltr'>Martae</span> 
     </span>
     <span class='ocr_line' id='line_1_9' title="bbox 202 1690 2438 1800; baseline -0.004 -19"><span class='ocrx_word' id='word_1_63' title='bbox 202 1732 205 1740; x_wconf 91' lang='lat'><em>·</em></span> <span class='ocrx_word' id='word_1_64' title='bbox 311 1697 422 1779; x_wconf 87' lang='lat' dir='ltr'>tham</span> <span class='ocrx_word' id='word_1_65' title='bbox 459 1714 498 1776; x_wconf 91' lang='lat' dir='ltr'>et</span> <span class='ocrx_word' id='word_1_66' title='bbox 534 1695 730 1790; x_wconf 83' lang='lat' dir='ltr'>Mariam,</span> <span class='ocrx_word' id='word_1_67' title='bbox 760 1714 801 1774; x_wconf 92' lang='lat' dir='ltr'>ut</span> <span class='ocrx_word' id='word_1_68' title='bbox 839 1691 1128 1773; x_wconf 83' lang='lat' dir='ltr'>consolarentur</span> <span class='ocrx_word' id='word_1_69' title='bbox 1170 1717 1233 1768; x_wconf 91' lang='lat' dir='ltr'>eas</span> <span class='ocrx_word' id='word_1_70' title='bbox 1271 1691 1318 1768; x_wconf 90' lang='lat' dir='ltr'>de</span> <span class='ocrx_word' id='word_1_71' title='bbox 1429 1691 1578 1786; x_wconf 83' lang='lat' dir='ltr'>Maria,</span> <span class='ocrx_word' id='word_1_72' title='bbox 1606 1706 1675 1797; x_wconf 85' lang='lat' dir='ltr'>per</span> <span class='ocrx_word' id='word_1_73' title='bbox 1702 1692 1906 1795; x_wconf 73' lang='lat' dir='ltr'>consolarle</span> <span class='ocrx_word' id='word_1_74' title='bbox 1940 1690 2120 1797; x_wconf 80' lang='lat' dir='ltr'>riguardo</span> <span class='ocrx_word' id='word_1_75' title='bbox 2158 1692 2204 1770; x_wconf 84' lang='lat' dir='ltr'>al</span> <span class='ocrx_word' id='word_1_76' title='bbox 2232 1693 2308 1772; x_wconf 85' lang='lat' dir='ltr'>loro</span> <span class='ocrx_word' id='word_1_77' title='bbox 2339 1691 2438 1800; x_wconf 87' lang='lat' dir='ltr'>fra·</span> 
     </span>
    </p>
   </div>
   <div class='ocr_carea' id='block_1_7' title="bbox 311 1816 2439 2301">
    <p class='ocr_par' dir='ltr' id='par_1_7' title="bbox 311 1816 2439 2301">
     <span class='ocr_line' id='line_1_10' title="bbox 312 1816 1523 1903; baseline -0.007 0"><span class='ocrx_word' id='word_1_78' title='bbox 312 1821 430 1903; x_wconf 88' lang='lat' dir='ltr'>fratre</span> <span class='ocrx_word' id='word_1_79' title='bbox 459 1850 539 1903; x_wconf 83' lang='lat' dir='ltr'>suo,</span> <span class='ocrx_word' id='word_1_80' title='bbox 1429 1816 1523 1894; x_wconf 86' lang='lat' dir='ltr'>tell.</span> 
     </span>
     <span class='ocr_line' id='line_1_11' title="bbox 366 1941 2439 2052; baseline -0.001 -26"><span class='ocrx_word' id='word_1_81' title='bbox 366 1943 527 2027; x_wconf 87' lang='lat' dir='ltr'>Martha</span> <span class='ocrx_word' id='word_1_82' title='bbox 556 1971 669 2052; x_wconf 86' lang='lat' dir='ltr'>erg0,</span> <span class='ocrx_word' id='word_1_83' title='bbox 698 1965 740 2024; x_wconf 91' lang='lat' dir='ltr'>ut</span> <span class='ocrx_word' id='word_1_84' title='bbox 768 1946 914 2024; x_wconf 88' lang='lat' dir='ltr'>audivit</span> <span class='ocrx_word' id='word_1_85' title='bbox 942 1943 1033 2052; x_wconf 91' lang='lat' dir='ltr'>quia</span> <span class='ocrx_word' id='word_1_86' title='bbox 1062 1946 1173 2049; x_wconf 90' lang='lat' dir='ltr'>Jesus</span> <span class='ocrx_word' id='word_1_87' title='bbox 1202 1941 1320 2036; x_wconf 88' lang='lat' dir='ltr'>venit,</span> <span class='ocrx_word' id='word_1_88' title='bbox 1482 1943 1620 2021; x_wconf 85' lang='lat' dir='ltr'>Marta</span> <span class='ocrx_word' id='word_1_89' title='bbox 1633 1955 1733 2050; x_wconf 68' lang='lat' dir='ltr'>perh,</span> <span class='ocrx_word' id='word_1_90' title='bbox 1752 1944 1871 2024; x_wconf 87' lang='lat' dir='ltr'>subito</span> <span class='ocrx_word' id='word_1_91' title='bbox 1889 1951 1951 2024; x_wconf 81' lang='lat' dir='ltr'>clre</span> <span class='ocrx_word' id='word_1_92' title='bbox 1968 1942 2049 2022; x_wconf 82' lang='lat' dir='ltr'>ebbe</span> <span class='ocrx_word' id='word_1_93' title='bbox 2065 1945 2193 2023; x_wconf 83' lang='lat' dir='ltr'>sentito</span> <span class='ocrx_word' id='word_1_94' title='bbox 2221 1946 2283 2026; x_wconf 83' lang='lat' dir='ltr'>che</span> <span class='ocrx_word' id='word_1_95' title='bbox 2304 1947 2439 2025; x_wconf 81' lang='lat' dir='ltr'>veniva</span> 
     </span>
     <span class='ocr_line' id='line_1_12' title="bbox 311 2065 2438 2175; baseline -0 -26"><span class='ocrx_word' id='word_1_96' title='bbox 311 2070 481 2149; x_wconf 90' lang='lat' dir='ltr'>occurrit</span> <span class='ocrx_word' id='word_1_97' title='bbox 509 2069 587 2147; x_wconf 89' lang='lat' dir='ltr'>illi:</span> <span class='ocrx_word' id='word_1_98' title='bbox 617 2070 748 2149; x_wconf 89' lang='lat' dir='ltr'>Maria</span> <span class='ocrx_word' id='word_1_99' title='bbox 777 2086 908 2147; x_wconf 91' lang='lat' dir='ltr'>autem</span> <span class='ocrx_word' id='word_1_100' title='bbox 937 2067 1046 2146; x_wconf 91' lang='lat' dir='ltr'>domi</span> <span class='ocrx_word' id='word_1_101' title='bbox 1074 2065 1242 2145; x_wconf 90' lang='lat' dir='ltr'>sedebat.</span> <span class='ocrx_word' id='word_1_102' title='bbox 1431 2069 1537 2160; x_wconf 68' lang='lat' dir='ltr'>Gerr),</span> <span class='ocrx_word' id='word_1_103' title='bbox 1573 2066 1718 2175; x_wconf 72' lang='lat' dir='ltr'>andhgli</span> <span class='ocrx_word' id='word_1_104' title='bbox 1744 2071 1933 2149; x_wconf 74' lang='lat' dir='ltr'>incontra:</span> <span class='ocrx_word' id='word_1_105' title='bbox 1954 2070 2128 2147; x_wconf 85' lang='lat' dir='ltr'>eMaria</span> <span class='ocrx_word' id='word_1_106' title='bbox 2146 2086 2259 2148; x_wconf 84' lang='lat' dir='ltr'>stava</span> <span class='ocrx_word' id='word_1_107' title='bbox 2282 2072 2321 2149; x_wconf 85' lang='lat' dir='ltr'>in</span> <span class='ocrx_word' id='word_1_108' title='bbox 2340 2098 2438 2150; x_wconf 85' lang='lat' dir='ltr'>casa.</span> 
     </span>
     <span class='ocr_line' id='line_1_13' title="bbox 365 2193 2157 2301; baseline -0.002 -26"><span class='ocrx_word' id='word_1_109' title='bbox 365 2197 476 2275; x_wconf 84' lang='lat' dir='ltr'>Dixit</span> <span class='ocrx_word' id='word_1_110' title='bbox 504 2221 597 2301; x_wconf 83' lang='lat' dir='ltr'>ergo</span> <span class='ocrx_word' id='word_1_111' title='bbox 626 2193 787 2275; x_wconf 84' lang='lat' dir='ltr'>Martha</span> <span class='ocrx_word' id='word_1_112' title='bbox 816 2194 864 2273; x_wconf 90' lang='lat' dir='ltr'>ad</span> <span class='ocrx_word' id='word_1_113' title='bbox 889 2196 1053 2299; x_wconf 88' lang='lat' dir='ltr'>Jesum:</span> <span class='ocrx_word' id='word_1_114' title='bbox 1484 2194 1600 2272; x_wconf 86' lang='lat' dir='ltr'>Dirse</span> <span class='ocrx_word' id='word_1_115' title='bbox 1626 2193 1793 2301; x_wconf 85' lang='lat' dir='ltr'>adunque</span> <span class='ocrx_word' id='word_1_116' title='bbox 1818 2195 1956 2272; x_wconf 85' lang='lat' dir='ltr'>Marta</span> <span class='ocrx_word' id='word_1_117' title='bbox 1984 2224 2008 2271; x_wconf 85' lang='lat' dir='ltr'>a</span> <span class='ocrx_word' id='word_1_118' title='bbox 2037 2196 2157 2273; x_wconf 76' lang='lat' dir='ltr'>Gesr&#39;c:</span> 
     </span>
    </p>
   </div>
   <div class='ocr_carea' id='block_1_8' title="bbox 1297 2411 1459 2473">
    <p class='ocr_par' dir='ltr' id='par_1_8' title="bbox 1297 2411 1459 2473">
     <span class='ocr_line' id='line_1_14' title="bbox 1297 2411 1459 2473; baseline -0.006 0"><span class='ocrx_word' id='word_1_119' title='bbox 1297 2411 1459 2473; x_wconf 79' lang='lat' dir='ltr'><strong>MARTA.</strong></span> 
     </span>
    </p>
   </div>
   <div class='ocr_carea' id='block_1_9' title="bbox 313 2566 2437 3060">
    <p class='ocr_par' dir='ltr' id='par_1_9' title="bbox 314 2566 2435 2778">
     <span class='ocr_line' id='line_1_15' title="bbox 365 2566 2435 2677; baseline 0 -25"><span class='ocrx_word' id='word_1_120' title='bbox 365 2571 561 2667; x_wconf 85' lang='lat' dir='ltr'>Domine,</span> <span class='ocrx_word' id='word_1_121' title='bbox 598 2570 629 2650; x_wconf 92' lang='lat' dir='ltr'>si</span> <span class='ocrx_word' id='word_1_122' title='bbox 665 2568 800 2650; x_wconf 88' lang='lat' dir='ltr'>fuisses</span> <span class='ocrx_word' id='word_1_123' title='bbox 837 2566 925 2662; x_wconf 88' lang='lat' dir='ltr'>hic,</span> <span class='ocrx_word' id='word_1_124' title='bbox 951 2567 1074 2648; x_wconf 60' lang='lat' dir='ltr'>‘frater</span> <span class='ocrx_word' id='word_1_125' title='bbox 1102 2591 1212 2648; x_wconf 88' lang='lat' dir='ltr'>meus</span> <span class='ocrx_word' id='word_1_126' title='bbox 1244 2597 1321 2647; x_wconf 89' lang='lat' dir='ltr'>non</span> <span class='ocrx_word' id='word_1_127' title='bbox 1482 2571 1651 2676; x_wconf 85' lang='lat' dir='ltr'>Signore,</span> <span class='ocrx_word' id='word_1_128' title='bbox 1679 2601 1717 2648; x_wconf 86' lang='lat' dir='ltr'>se</span> <span class='ocrx_word' id='word_1_129' title='bbox 1740 2571 1798 2650; x_wconf 84' lang='lat' dir='ltr'>eri</span> <span class='ocrx_word' id='word_1_130' title='bbox 1822 2572 1905 2677; x_wconf 88' lang='lat' dir='ltr'>qui,</span> <span class='ocrx_word' id='word_1_131' title='bbox 1944 2598 2015 2649; x_wconf 88' lang='lat' dir='ltr'>non</span> <span class='ocrx_word' id='word_1_132' title='bbox 2052 2571 2200 2649; x_wconf 75' lang='lat' dir='ltr'>motiva</span> <span class='ocrx_word' id='word_1_133' title='bbox 2238 2573 2309 2650; x_wconf 88' lang='lat' dir='ltr'>mio</span> <span class='ocrx_word' id='word_1_134' title='bbox 2340 2571 2435 2677; x_wconf 86' lang='lat' dir='ltr'>fra-</span> 
     </span>
     <span class='ocr_line' id='line_1_16' title="bbox 314 2697 1521 2778; baseline -0.004 0"><span class='ocrx_word' id='word_1_135' title='bbox 314 2697 448 2778; x_wconf 89' lang='lat' dir='ltr'>fuisset</span> <span class='ocrx_word' id='word_1_136' title='bbox 476 2715 660 2778; x_wconf 89' lang='lat' dir='ltr'>mortuus.</span> <span class='ocrx_word' id='word_1_137' title='bbox 1429 2697 1521 2774; x_wconf 83' lang='lat' dir='ltr'>tello.</span> 
     </span>
    </p>

    <p class='ocr_par' dir='ltr' id='par_1_10' title="bbox 313 2819 2437 3060">
     <span class='ocr_line' id='line_1_17' title="bbox 365 2819 2437 2929; baseline -0.002 -22"><span class='ocrx_word' id='word_1_138' title='bbox 365 2823 447 2908; x_wconf 87' lang='lat' dir='ltr'>Sed</span> <span class='ocrx_word' id='word_1_139' title='bbox 475 2842 515 2902; x_wconf 89' lang='lat' dir='ltr'>et</span> <span class='ocrx_word' id='word_1_140' title='bbox 540 2849 644 2902; x_wconf 90' lang='lat' dir='ltr'>nunc</span> <span class='ocrx_word' id='word_1_141' title='bbox 672 2820 765 2916; x_wconf 89' lang='lat' dir='ltr'>sci0‚</span> <span class='ocrx_word' id='word_1_142' title='bbox 786 2819 876 2928; x_wconf 91' lang='lat' dir='ltr'>quia</span> <span class='ocrx_word' id='word_1_143' title='bbox 901 2845 1173 2928; x_wconf 87' lang='lat' dir='ltr'>quaecumque</span> <span class='ocrx_word' id='word_1_144' title='bbox 1198 2844 1320 2927; x_wconf 90' lang='lat' dir='ltr'>popo·</span> <span class='ocrx_word' id='word_1_145' title='bbox 1482 2821 1556 2899; x_wconf 86' lang='lat' dir='ltr'>Ma</span> <span class='ocrx_word' id='word_1_146' title='bbox 1584 2821 1697 2900; x_wconf 77' lang='lat' dir='ltr'>anche</span> <span class='ocrx_word' id='word_1_147' title='bbox 1722 2819 1856 2917; x_wconf 84' lang='lat' dir='ltr'>adesso,</span> <span class='ocrx_word' id='word_1_148' title='bbox 1875 2850 1913 2899; x_wconf 88' lang='lat' dir='ltr'>so</span> <span class='ocrx_word' id='word_1_149' title='bbox 1933 2820 1994 2899; x_wconf 79' lang='lat' dir='ltr'>che</span> <span class='ocrx_word' id='word_1_150' title='bbox 2010 2821 2217 2929; x_wconf 86' lang='lat' dir='ltr'>qualunque</span> <span class='ocrx_word' id='word_1_151' title='bbox 2240 2850 2322 2901; x_wconf 84' lang='lat' dir='ltr'>cosa</span> <span class='ocrx_word' id='word_1_152' title='bbox 2345 2823 2437 2903; x_wconf 77' lang='lat' dir='ltr'>chie-</span> 
     </span>
     <span class='ocr_line' id='line_1_18' title="bbox 313 2944 2165 3060; baseline -0.003 -29"><span class='ocrx_word' id='word_1_153' title='bbox 313 2949 430 3032; x_wconf 86' lang='lat' dir='ltr'>sceris</span> <span class='ocrx_word' id='word_1_154' title='bbox 458 2978 479 3030; x_wconf 91' lang='lat' dir='ltr'>a</span> <span class='ocrx_word' id='word_1_155' title='bbox 508 2955 610 3045; x_wconf 89' lang='lat' dir='ltr'>De0‚</span> <span class='ocrx_word' id='word_1_156' title='bbox 640 2947 747 3028; x_wconf 90' lang='lat' dir='ltr'>dabit</span> <span class='ocrx_word' id='word_1_157' title='bbox 775 2947 844 3027; x_wconf 92' lang='lat' dir='ltr'>tibi</span> <span class='ocrx_word' id='word_1_158' title='bbox 873 2950 992 3031; x_wconf 92' lang='lat' dir='ltr'>Deus.</span> <span class='ocrx_word' id='word_1_159' title='bbox 1068 2957 1078 2969; x_wconf 87' lang='lat'><strong><em>‘</em></strong></span> <span class='ocrx_word' id='word_1_160' title='bbox 1122 3055 1125 3060; x_wconf 22' lang='grc' dir='ltr'>Ι</span> <span class='ocrx_word' id='word_1_161' title='bbox 1428 2945 1535 3026; x_wconf 85' lang='lat' dir='ltr'>derai</span> <span class='ocrx_word' id='word_1_162' title='bbox 1560 2977 1584 3024; x_wconf 86' lang='lat' dir='ltr'>a</span> <span class='ocrx_word' id='word_1_163' title='bbox 1614 2946 1702 3040; x_wconf 86' lang='lat' dir='ltr'>Dio,</span> <span class='ocrx_word' id='word_1_164' title='bbox 1732 2946 1810 3024; x_wconf 89' lang='lat' dir='ltr'>Dio</span> <span class='ocrx_word' id='word_1_165' title='bbox 1840 2945 1938 3023; x_wconf 87' lang='lat' dir='ltr'>tela</span> <span class='ocrx_word' id='word_1_166' title='bbox 1967 2944 2165 3025; x_wconf 61' lang='lat' dir='ltr'>concedere.</span> 
     </span>
    </p>
   </div>
   <div class='ocr_carea' id='block_1_10' title="bbox 1282 3161 1469 3228">
    <p class='ocr_par' dir='ltr' id='par_1_11' title="bbox 1282 3161 1469 3228">
     <span class='ocr_line' id='line_1_19' title="bbox 1282 3161 1469 3228; baseline -0.011 -2"><span class='ocrx_word' id='word_1_167' title='bbox 1282 3161 1469 3228; x_wconf 88' lang='lat' dir='ltr'>STORICO.</span> 
     </span>
    </p>
   </div>
   <div class='ocr_carea' id='block_1_11' title="bbox 367 3324 1779 3433">
    <p class='ocr_par' dir='ltr' id='par_1_12' title="bbox 367 3324 1779 3433">
     <span class='ocr_line' id='line_1_20' title="bbox 367 3324 1779 3433; baseline -0.004 -25"><span class='ocrx_word' id='word_1_168' title='bbox 367 3329 477 3408; x_wconf 94' lang='lat' dir='ltr'>Dicit</span> <span class='ocrx_word' id='word_1_169' title='bbox 504 3328 561 3406; x_wconf 92' lang='lat' dir='ltr'>illi</span> <span class='ocrx_word' id='word_1_170' title='bbox 585 3329 718 3433; x_wconf 89' lang='lat' dir='ltr'>Jesus:</span> <span class='ocrx_word' id='word_1_171' title='bbox 1485 3324 1634 3402; x_wconf 80' lang='lat' dir='ltr'>Dissele</span> <span class='ocrx_word' id='word_1_172' title='bbox 1661 3325 1779 3402; x_wconf 75' lang='lat' dir='ltr'>Gesu:</span> 
     </span>
    </p>
   </div>
   <div class='ocr_carea' id='block_1_12' title="bbox 1297 3536 1476 3605">
    <p class='ocr_par' dir='ltr' id='par_1_13' title="bbox 1297 3536 1476 3605">
     <span class='ocr_line' id='line_1_21' title="bbox 1297 3536 1476 3605; baseline -0.017 0"><span class='ocrx_word' id='word_1_173' title='bbox 1297 3536 1457 3605; x_wconf 87' lang='lat' dir='ltr'><strong>CRISTO.</strong></span> <span class='ocrx_word' id='word_1_174' title='bbox 1472 3565 1476 3571; x_wconf 94' lang='lat'>·</span> 
     </span>
    </p>
   </div>
   <div class='ocr_carea' id='block_1_13' title="bbox 367 3697 1970 3811">
    <p class='ocr_par' dir='ltr' id='par_1_14' title="bbox 367 3697 1970 3811">
     <span class='ocr_line' id='line_1_22' title="bbox 367 3697 1970 3811; baseline -0.006 -23"><span class='ocrx_word' id='word_1_175' title='bbox 367 3712 558 3811; x_wconf 85' lang='lat' dir='ltr'>Resurget</span> <span class='ocrx_word' id='word_1_176' title='bbox 584 3702 703 3783; x_wconf 80' lang='lat' dir='ltr'>frater</span> <span class='ocrx_word' id='word_1_177' title='bbox 730 3722 826 3787; x_wconf 90' lang='lat' dir='ltr'>tuus.</span> <span class='ocrx_word' id='word_1_178' title='bbox 1486 3700 1560 3779; x_wconf 86' lang='lat' dir='ltr'>Tuo</span> <span class='ocrx_word' id='word_1_179' title='bbox 1581 3697 1744 3803; x_wconf 82' lang='lat' dir='ltr'>fratello</span> <span class='ocrx_word' id='word_1_180' title='bbox 1772 3701 1970 3806; x_wconf 69' lang='lat' dir='ltr'>risorgerd.</span> 
     </span>
    </p>
   </div>
   <div class='ocr_carea' id='block_1_14' title="bbox 368 3912 1879 4357">
    <p class='ocr_par' dir='ltr' id='par_1_15' title="bbox 368 3912 1879 4357">
     <span class='ocr_line' id='line_1_23' title="bbox 1282 3912 1470 3979; baseline -0.011 0"><span class='ocrx_word' id='word_1_181' title='bbox 1282 3912 1470 3979; x_wconf 87' lang='lat' dir='ltr'><strong>STORIOO.</strong></span> 
     </span>
     <span class='ocr_line' id='line_1_24' title="bbox 368 4074 1879 4183; baseline -0.004 -22"><span class='ocrx_word' id='word_1_182' title='bbox 368 4084 477 4162; x_wconf 91' lang='lat' dir='ltr'>Dicit</span> <span class='ocrx_word' id='word_1_183' title='bbox 505 4084 542 4161; x_wconf 92' lang='lat' dir='ltr'>ei</span> <span class='ocrx_word' id='word_1_184' title='bbox 572 4078 753 4161; x_wconf 86' lang='lat' dir='ltr'>Martha:</span> <span class='ocrx_word' id='word_1_185' title='bbox 1483 4074 1692 4183; x_wconf 62' lang='lat' dir='ltr'>Rispos&#39;egli</span> <span class='ocrx_word' id='word_1_186' title='bbox 1718 4077 1879 4155; x_wconf 85' lang='lat' dir='ltr'>Marta:</span> 
     </span>
     <span class='ocr_line' id='line_1_25' title="bbox 1299 4292 1461 4357; baseline -0.006 0"><span class='ocrx_word' id='word_1_187' title='bbox 1299 4292 1461 4357; x_wconf 83' lang='lat' dir='ltr'><strong>MARTA.</strong></span> 
     </span>
    </p>
   </div>
   <div class='ocr_carea' id='block_1_15' title="bbox 314 4452 2439 4684">
    <p class='ocr_par' dir='ltr' id='par_1_16' title="bbox 314 4452 2439 4684">
     <span class='ocr_line' id='line_1_26' title="bbox 367 4452 2439 4565; baseline -0.001 -28"><span class='ocrx_word' id='word_1_188' title='bbox 367 4456 461 4537; x_wconf 90' lang='lat' dir='ltr'>Scio</span> <span class='ocrx_word' id='word_1_189' title='bbox 489 4455 580 4563; x_wconf 88' lang='lat' dir='ltr'>quia</span> <span class='ocrx_word' id='word_1_190' title='bbox 607 4475 778 4560; x_wconf 85' lang='lat' dir='ltr'>resurget</span> <span class='ocrx_word' id='word_1_191' title='bbox 804 4455 845 4532; x_wconf 90' lang='lat' dir='ltr'>in</span> <span class='ocrx_word' id='word_1_192' title='bbox 873 4452 1151 4533; x_wconf 85' lang='lat' dir='ltr'>resurrectione</span> <span class='ocrx_word' id='word_1_193' title='bbox 1180 4452 1220 4530; x_wconf 90' lang='lat' dir='ltr'>in</span> <span class='ocrx_word' id='word_1_194' title='bbox 1248 4480 1317 4531; x_wconf 89' lang='lat' dir='ltr'>no·</span> <span class='ocrx_word' id='word_1_195' title='bbox 1479 4455 1522 4531; x_wconf 88' lang='lat' dir='ltr'>So</span> <span class='ocrx_word' id='word_1_196' title='bbox 1550 4455 1611 4533; x_wconf 80' lang='lat' dir='ltr'>che</span> <span class='ocrx_word' id='word_1_197' title='bbox 1635 4454 1825 4559; x_wconf 74' lang='lat' dir='ltr'>risorgerd</span> <span class='ocrx_word' id='word_1_198' title='bbox 1852 4454 1952 4533; x_wconf 86' lang='lat' dir='ltr'>nella</span> <span class='ocrx_word' id='word_1_199' title='bbox 1979 4454 2231 4535; x_wconf 78' lang='lat' dir='ltr'>risurrezivne</span> <span class='ocrx_word' id='word_1_200' title='bbox 2263 4456 2304 4536; x_wconf 86' lang='lat' dir='ltr'>in</span> <span class='ocrx_word' id='word_1_201' title='bbox 2335 4485 2358 4565; x_wconf 85' lang='lat' dir='ltr'><em>q</em></span> <span class='ocrx_word' id='word_1_202' title='bbox 2402 4457 2439 4535; x_wconf 93' lang='lat' dir='ltr'>l-</span> 
     </span>
     <span class='ocr_line' id='line_1_27' title="bbox 314 4577 1747 4684; baseline -0.001 -25"><span class='ocrx_word' id='word_1_203' title='bbox 314 4579 471 4659; x_wconf 90' lang='lat' dir='ltr'>vissimo</span> <span class='ocrx_word' id='word_1_204' title='bbox 499 4578 573 4657; x_wconf 88' lang='lat' dir='ltr'>die.</span> <span class='ocrx_word' id='word_1_205' title='bbox 1427 4577 1583 4657; x_wconf 87' lang='lat' dir='ltr'>l&#39;ultimo</span> <span class='ocrx_word' id='word_1_206' title='bbox 1605 4578 1747 4684; x_wconf 86' lang='lat' dir='ltr'>giorn0.</span> 
     </span>
    </p>
   </div>
   <div class='ocr_carea' id='block_1_16' title="bbox 315 5079 2439 5300">
    <p class='ocr_par' dir='ltr' id='par_1_17' title="bbox 315 5079 2439 5300">
     <span class='ocr_line' id='line_1_28' title="bbox 369 5079 2439 5188; baseline 0 -27"><span class='ocrx_word' id='word_1_207' title='bbox 369 5084 453 5186; x_wconf 87' lang='lat' dir='ltr'>Ego</span> <span class='ocrx_word' id='word_1_208' title='bbox 481 5106 568 5159; x_wconf 89' lang='lat' dir='ltr'>sum</span> <span class='ocrx_word' id='word_1_209' title='bbox 595 5082 824 5159; x_wconf 87' lang='lat' dir='ltr'>resurrectio</span> <span class='ocrx_word' id='word_1_210' title='bbox 852 5100 891 5159; x_wconf 89' lang='lat' dir='ltr'>et</span> <span class='ocrx_word' id='word_1_211' title='bbox 920 5082 1017 5159; x_wconf 88' lang='lat' dir='ltr'>vita:</span> <span class='ocrx_word' id='word_1_212' title='bbox 1047 5082 1114 5188; x_wconf 93' lang='lat' dir='ltr'>qui</span> <span class='ocrx_word' id='word_1_213' title='bbox 1133 5079 1257 5159; x_wconf 89' lang='lat' dir='ltr'>credit</span> <span class='ocrx_word' id='word_1_214' title='bbox 1279 5080 1319 5156; x_wconf 90' lang='lat' dir='ltr'>in</span> <span class='ocrx_word' id='word_1_215' title='bbox 1482 5080 1524 5157; x_wconf 90' lang='lat' dir='ltr'>Io</span> <span class='ocrx_word' id='word_1_216' title='bbox 1551 5109 1635 5158; x_wconf 85' lang='lat' dir='ltr'>sono</span> <span class='ocrx_word' id='word_1_217' title='bbox 1665 5081 1702 5157; x_wconf 85' lang='lat' dir='ltr'>la</span> <span class='ocrx_word' id='word_1_218' title='bbox 1730 5082 1982 5161; x_wconf 85' lang='lat' dir='ltr'>risurrezione</span> <span class='ocrx_word' id='word_1_219' title='bbox 2006 5113 2025 5159; x_wconf 88' lang='lat' dir='ltr'>e</span> <span class='ocrx_word' id='word_1_220' title='bbox 2051 5084 2090 5159; x_wconf 86' lang='lat' dir='ltr'>la</span> <span class='ocrx_word' id='word_1_221' title='bbox 2117 5084 2225 5162; x_wconf 86' lang='lat' dir='ltr'>vita:</span> <span class='ocrx_word' id='word_1_222' title='bbox 2252 5082 2314 5161; x_wconf 82' lang='lat' dir='ltr'>chi</span> <span class='ocrx_word' id='word_1_223' title='bbox 2328 5083 2368 5161; x_wconf 91' lang='lat' dir='ltr'>in</span> <span class='ocrx_word' id='word_1_224' title='bbox 2387 5112 2439 5161; x_wconf 87' lang='lat' dir='ltr'>me</span> 
     </span>
     <span class='ocr_line' id='line_1_29' title="bbox 315 5202 2168 5300; baseline 0.002 -18"><span class='ocrx_word' id='word_1_225' title='bbox 315 5231 393 5297; x_wconf 87' lang='lat' dir='ltr'>me,</span> <span class='ocrx_word' id='word_1_226' title='bbox 422 5204 542 5282; x_wconf 88' lang='lat' dir='ltr'>etiam</span> <span class='ocrx_word' id='word_1_227' title='bbox 570 5204 601 5283; x_wconf 95' lang='lat' dir='ltr'>si</span> <span class='ocrx_word' id='word_1_228' title='bbox 629 5226 802 5283; x_wconf 91' lang='lat' dir='ltr'>mortuus</span> <span class='ocrx_word' id='word_1_229' title='bbox 834 5202 962 5300; x_wconf 87' lang='lat' dir='ltr'>fuerit,</span> <span class='ocrx_word' id='word_1_230' title='bbox 991 5204 1105 5285; x_wconf 91' lang='lat' dir='ltr'>vivet.</span> <span class='ocrx_word' id='word_1_231' title='bbox 1430 5202 1537 5300; x_wconf 84' lang='lat' dir='ltr'>crede,</span> <span class='ocrx_word' id='word_1_232' title='bbox 1565 5202 1688 5283; x_wconf 84' lang='lat' dir='ltr'>sebben</span> <span class='ocrx_word' id='word_1_233' title='bbox 1716 5206 1774 5282; x_wconf 86' lang='lat' dir='ltr'>sia</span> <span class='ocrx_word' id='word_1_234' title='bbox 1801 5221 1928 5299; x_wconf 85' lang='lat' dir='ltr'>morto,</span> <span class='ocrx_word' id='word_1_235' title='bbox 1956 5206 2084 5286; x_wconf 72' lang='lat' dir='ltr'>vivrd.</span> <span class='ocrx_word' id='word_1_236' title='bbox 2166 5288 2168 5292; x_wconf 79' lang='lat'><em>.</em></span> 
     </span>
    </p>
   </div>
   <div class='ocr_carea' id='block_1_17' title="bbox 315 5326 2439 5561">
    <p class='ocr_par' dir='ltr' id='par_1_18' title="bbox 315 5326 2439 5561">
     <span class='ocr_line' id='line_1_30' title="bbox 369 5326 2439 5437; baseline -0.001 -29"><span class='ocrx_word' id='word_1_237' title='bbox 369 5332 419 5408; x_wconf 93' lang='lat' dir='ltr'>Et</span> <span class='ocrx_word' id='word_1_238' title='bbox 446 5327 573 5407; x_wconf 91' lang='lat' dir='ltr'>omnis</span> <span class='ocrx_word' id='word_1_239' title='bbox 600 5329 668 5437; x_wconf 94' lang='lat' dir='ltr'>qui</span> <span class='ocrx_word' id='word_1_240' title='bbox 693 5328 788 5409; x_wconf 88' lang='lat' dir='ltr'>vivit</span> <span class='ocrx_word' id='word_1_241' title='bbox 816 5347 856 5407; x_wconf 91' lang='lat' dir='ltr'>et</span> <span class='ocrx_word' id='word_1_242' title='bbox 883 5330 1006 5409; x_wconf 90' lang='lat' dir='ltr'>credit</span> <span class='ocrx_word' id='word_1_243' title='bbox 1043 5331 1083 5408; x_wconf 91' lang='lat' dir='ltr'>in</span> <span class='ocrx_word' id='word_1_244' title='bbox 1120 5357 1206 5422; x_wconf 90' lang='lat' dir='ltr'>me,</span> <span class='ocrx_word' id='word_1_245' title='bbox 1241 5357 1318 5407; x_wconf 91' lang='lat' dir='ltr'>non</span> <span class='ocrx_word' id='word_1_246' title='bbox 1480 5326 1718 5434; x_wconf 79' lang='lat' dir='ltr'>Echiunque</span> <span class='ocrx_word' id='word_1_247' title='bbox 1742 5328 1840 5422; x_wconf 84' lang='lat' dir='ltr'>vive,</span> <span class='ocrx_word' id='word_1_248' title='bbox 1867 5358 1886 5406; x_wconf 88' lang='lat' dir='ltr'>e</span> <span class='ocrx_word' id='word_1_249' title='bbox 1912 5328 2012 5408; x_wconf 77' lang='lat' dir='ltr'>crede</span> <span class='ocrx_word' id='word_1_250' title='bbox 2037 5330 2076 5408; x_wconf 85' lang='lat' dir='ltr'>in</span> <span class='ocrx_word' id='word_1_251' title='bbox 2104 5358 2177 5424; x_wconf 82' lang='lat' dir='ltr'>me,</span> <span class='ocrx_word' id='word_1_252' title='bbox 2206 5358 2276 5410; x_wconf 86' lang='lat' dir='ltr'>non</span> <span class='ocrx_word' id='word_1_253' title='bbox 2312 5338 2439 5409; x_wconf 58' lang='lat' dir='ltr'>morra</span> 
     </span>
     <span class='ocr_line' id='line_1_31' title="bbox 315 5451 2054 5561; baseline 0.001 -25"><span class='ocrx_word' id='word_1_254' title='bbox 315 5452 503 5537; x_wconf 88' lang='lat' dir='ltr'>morietur</span> <span class='ocrx_word' id='word_1_255' title='bbox 528 5452 568 5531; x_wconf 92' lang='lat' dir='ltr'>in</span> <span class='ocrx_word' id='word_1_256' title='bbox 596 5473 809 5533; x_wconf 86' lang='lat' dir='ltr'>aeternum.</span> <span class='ocrx_word' id='word_1_257' title='bbox 839 5455 976 5534; x_wconf 89' lang='lat' dir='ltr'>Credis</span> <span class='ocrx_word' id='word_1_258' title='bbox 1003 5452 1080 5533; x_wconf 92' lang='lat' dir='ltr'>hoc</span> <span class='ocrx_word' id='word_1_259' title='bbox 1096 5457 1156 5537; x_wconf 92' lang='lat'><strong>?...</strong></span> <span class='ocrx_word' id='word_1_260' title='bbox 1430 5456 1470 5532; x_wconf 91' lang='lat' dir='ltr'>in</span> <span class='ocrx_word' id='word_1_261' title='bbox 1497 5469 1624 5532; x_wconf 85' lang='lat' dir='ltr'>eterno.</span> <span class='ocrx_word' id='word_1_262' title='bbox 1658 5451 1768 5532; x_wconf 86' lang='lat' dir='ltr'>Credi</span> <span class='ocrx_word' id='word_1_263' title='bbox 1793 5471 1832 5532; x_wconf 81' lang='lat' dir='ltr'>tu</span> <span class='ocrx_word' id='word_1_264' title='bbox 1860 5469 1977 5561; x_wconf 86' lang='lat' dir='ltr'>questo</span> <span class='ocrx_word' id='word_1_265' title='bbox 1988 5453 2054 5537; x_wconf 80' lang='lat'>?...</span> 
     </span>
    </p>
   </div>
   <div class='ocr_carea' id='block_1_18' title="bbox 1295 5670 1456 5733">
    <p class='ocr_par' dir='ltr' id='par_1_19' title="bbox 1295 5670 1456 5733">
     <span class='ocr_line' id='line_1_32' title="bbox 1295 5670 1456 5733; baseline -0.012 0"><span class='ocrx_word' id='word_1_266' title='bbox 1295 5670 1456 5733; x_wconf 88' lang='lat' dir='ltr'><strong>MARTA.</strong></span> 
     </span>
    </p>
   </div>
   <div class='ocr_carea' id='block_1_19' title="bbox 313 5808 2445 6182">
    <p class='ocr_par' dir='ltr' id='par_1_20' title="bbox 313 5808 2445 6182">
     <span class='ocr_line' id='line_1_33' title="bbox 366 5808 2445 5941; baseline 0 -31"><span class='ocrx_word' id='word_1_267' title='bbox 366 5832 536 5941; x_wconf 90' lang='lat' dir='ltr'>Utique,</span> <span class='ocrx_word' id='word_1_268' title='bbox 565 5831 761 5923; x_wconf 85' lang='lat' dir='ltr'>Domine3</span> <span class='ocrx_word' id='word_1_269' title='bbox 800 5856 873 5936; x_wconf 88' lang='lat' dir='ltr'>ego</span> <span class='ocrx_word' id='word_1_270' title='bbox 908 5831 1056 5910; x_wconf 87' lang='lat' dir='ltr'>credidi</span> <span class='ocrx_word' id='word_1_271' title='bbox 1084 5828 1174 5938; x_wconf 90' lang='lat' dir='ltr'>quia</span> <span class='ocrx_word' id='word_1_272' title='bbox 1202 5847 1242 5907; x_wconf 90' lang='lat' dir='ltr'>tu</span> <span class='ocrx_word' id='word_1_273' title='bbox 1275 5860 1315 5909; x_wconf 93' lang='lat' dir='ltr'>es</span> <span class='ocrx_word' id='word_1_274' title='bbox 1477 5831 1535 5922; x_wconf 73' lang='lat' dir='ltr'>St,</span> <span class='ocrx_word' id='word_1_275' title='bbox 1565 5858 1582 5905; x_wconf 89' lang='lat' dir='ltr'><em>o</em></span> <span class='ocrx_word' id='word_1_276' title='bbox 1611 5829 1786 5934; x_wconf 79' lang='lat' dir='ltr'>St&#39;gnore:</span> <span class='ocrx_word' id='word_1_277' title='bbox 1821 5832 1855 5909; x_wconf 89' lang='lat' dir='ltr'>io</span> <span class='ocrx_word' id='word_1_278' title='bbox 1890 5830 1935 5909; x_wconf 82' lang='lat' dir='ltr'>ho</span> <span class='ocrx_word' id='word_1_279' title='bbox 1973 5830 2116 5910; x_wconf 73' lang='lat' dir='ltr'>creduto</span> <span class='ocrx_word' id='word_1_280' title='bbox 2153 5808 2230 5910; x_wconf 54' lang='lat' dir='ltr'>clze¹</span> <span class='ocrx_word' id='word_1_281' title='bbox 2251 5850 2291 5910; x_wconf 89' lang='lat' dir='ltr'>tu</span> <span class='ocrx_word' id='word_1_282' title='bbox 2327 5834 2380 5909; x_wconf 85' lang='lat' dir='ltr'>sei</span> <span class='ocrx_word' id='word_1_283' title='bbox 2409 5832 2445 5910; x_wconf 85' lang='lat' dir='ltr'>il</span> 
     </span>
     <span class='ocr_line' id='line_1_34' title="bbox 313 5951 2438 6062; baseline 0 -28"><span class='ocrx_word' id='word_1_284' title='bbox 313 5953 499 6048; x_wconf 87' lang='lat' dir='ltr'>Christus,</span> <span class='ocrx_word' id='word_1_285' title='bbox 528 5952 648 6031; x_wconf 87' lang='lat' dir='ltr'>Filius</span> <span class='ocrx_word' id='word_1_286' title='bbox 676 5954 753 6031; x_wconf 87' lang='lat' dir='ltr'>Dei</span> <span class='ocrx_word' id='word_1_287' title='bbox 782 5951 872 6048; x_wconf 88' lang='lat' dir='ltr'>vivi,</span> <span class='ocrx_word' id='word_1_288' title='bbox 902 5954 970 6062; x_wconf 93' lang='lat' dir='ltr'>qui</span> <span class='ocrx_word' id='word_1_289' title='bbox 1004 5954 1045 6031; x_wconf 89' lang='lat' dir='ltr'>in</span> <span class='ocrx_word' id='word_1_290' title='bbox 1073 5951 1178 6030; x_wconf 88' lang='lat' dir='ltr'>hunc</span> <span class='ocrx_word' id='word_1_291' title='bbox 1207 5981 1319 6032; x_wconf 91' lang='lat' dir='ltr'>mun·</span> <span class='ocrx_word' id='word_1_292' title='bbox 1432 5954 1565 6047; x_wconf 73' lang='lat' dir='ltr'>Crista,</span> <span class='ocrx_word' id='word_1_293' title='bbox 1593 5953 1628 6031; x_wconf 87' lang='lat' dir='ltr'>il</span> <span class='ocrx_word' id='word_1_294' title='bbox 1651 5955 1835 6061; x_wconf 86' lang='lat' dir='ltr'>Figliuolo</span> <span class='ocrx_word' id='word_1_295' title='bbox 1863 5955 1905 6036; x_wconf 83' lang='lat' dir='ltr'>di</span> <span class='ocrx_word' id='word_1_296' title='bbox 1930 5958 2010 6036; x_wconf 86' lang='lat' dir='ltr'>Dio</span> <span class='ocrx_word' id='word_1_297' title='bbox 2038 5956 2138 6051; x_wconf 85' lang='lat' dir='ltr'><em>vivo,</em></span> <span class='ocrx_word' id='word_1_298' title='bbox 2158 5956 2220 6035; x_wconf 86' lang='lat' dir='ltr'>che</span> <span class='ocrx_word' id='word_1_299' title='bbox 2240 5956 2294 6034; x_wconf 85' lang='lat' dir='ltr'>sei</span> <span class='ocrx_word' id='word_1_300' title='bbox 2310 5974 2438 6035; x_wconf 82' lang='lat' dir='ltr'>venuto</span> 
     </span>
     <span class='ocr_line' id='line_1_35' title="bbox 314 6074 1776 6182; baseline 0.002 -26"><span class='ocrx_word' id='word_1_301' title='bbox 314 6074 408 6157; x_wconf 89' lang='lat' dir='ltr'>dum</span> <span class='ocrx_word' id='word_1_302' title='bbox 436 6077 584 6159; x_wconf 87' lang='lat' dir='ltr'>venisti.</span> <span class='ocrx_word' id='word_1_303' title='bbox 1428 6080 1466 6155; x_wconf 86' lang='lat' dir='ltr'>in</span> <span class='ocrx_word' id='word_1_304' title='bbox 1494 6097 1613 6182; x_wconf 80' lang='lat' dir='ltr'>questo</span> <span class='ocrx_word' id='word_1_305' title='bbox 1641 6081 1776 6159; x_wconf 71' lang='lat' dir='ltr'><em>monde.</em></span> 
     </span>
    </p>
   </div>
   <div class='ocr_carea' id='block_1_20' title="bbox 0 0 2660 7092">
    <p class='ocr_par' dir='ltr' id='par_1_21' title="bbox 0 0 2660 7092">
     <span class='ocr_line' id='line_1_36' title="bbox 0 0 2660 7092; baseline 0 0"><span class='ocrx_word' id='word_1_306' title='bbox 0 0 2660 7092; x_wconf 95' lang='lat' dir='ltr'> </span> 
     </span>
    </p>
   </div>
  </div>
 </body>
</html>
