<?xml version="1.0" encoding="UTF-8"?>
<!DOCTYPE html PUBLIC "-//W3C//DTD XHTML 1.0 Transitional//EN"
    "http://www.w3.org/TR/xhtml1/DTD/xhtml1-transitional.dtd">
<html xmlns="http://www.w3.org/1999/xhtml" xml:lang="en" lang="en">
 <head>
  <title>
</title>
<meta http-equiv="Content-Type" content="text/html;charset=utf-8" />
  <meta name='ocr-system' content='tesseract 3.04.00' />
  <meta name='ocr-capabilities' content='ocr_page ocr_carea ocr_par ocr_line ocrx_word'/>
</head>
<body>
  <div class='ocr_page' id='page_1' title='image "./larisurrezioned00solagoog_0015.png"; bbox 0 0 5300 7100; ppageno 0'>
   <div class='ocr_carea' id='block_1_1' title="bbox 1108 211 1738 270">
    <p class='ocr_par' dir='ltr' id='par_1_1' title="bbox 1108 211 1738 270">
     <span class='ocr_line' id='line_1_1' title="bbox 1108 211 1738 270; baseline -0.005 0"><span class='ocrx_word' id='word_1_1' title='bbox 1108 216 1155 270; x_wconf 79' lang='lat' dir='ltr'>LA</span> <span class='ocrx_word' id='word_1_2' title='bbox 1185 215 1471 270; x_wconf 79' lang='lat' dir='ltr'>RISURREZIONE</span> <span class='ocrx_word' id='word_1_3' title='bbox 1499 215 1541 268; x_wconf 91' lang='lat' dir='ltr'>DI</span> <span class='ocrx_word' id='word_1_4' title='bbox 1569 211 1738 268; x_wconf 82' lang='lat' dir='ltr'>LAZZARO</span> 
     </span>
    </p>
   </div>
   <div class='ocr_carea' id='block_1_2' title="bbox 1346 447 1504 515">
    <p class='ocr_par' dir='ltr' id='par_1_2' title="bbox 1346 447 1504 515">
     <span class='ocr_line' id='line_1_2' title="bbox 1346 447 1504 515; baseline -0.019 0"><span class='ocrx_word' id='word_1_5' title='bbox 1346 447 1504 515; x_wconf 89' lang='lat' dir='ltr'><strong>CRISTO.</strong></span> 
     </span>
    </p>
   </div>
   <div class='ocr_carea' id='block_1_3' title="bbox 416 643 2049 751">
    <p class='ocr_par' dir='ltr' id='par_1_3' title="bbox 416 643 2049 751">
     <span class='ocr_line' id='line_1_3' title="bbox 416 643 2049 751; baseline -0.001 -25"><span class='ocrx_word' id='word_1_6' title='bbox 416 649 577 741; x_wconf 87' lang='lat' dir='ltr'>Lazare,</span> <span class='ocrx_word' id='word_1_7' title='bbox 607 648 695 727; x_wconf 89' lang='lat' dir='ltr'>veni</span> <span class='ocrx_word' id='word_1_8' title='bbox 724 647 837 730; x_wconf 83' lang='lat' dir='ltr'>foras.</span> <span class='ocrx_word' id='word_1_9' title='bbox 1536 647 1729 740; x_wconf 84' lang='lat' dir='ltr'>Lazzaro,</span> <span class='ocrx_word' id='word_1_10' title='bbox 1756 647 1840 725; x_wconf 87' lang='lat' dir='ltr'>vien</span> <span class='ocrx_word' id='word_1_11' title='bbox 1861 643 1995 751; x_wconf 79' lang='lat' dir='ltr'><em>fuora.</em></span> <span class='ocrx_word' id='word_1_12' title='bbox 2043 652 2049 662; x_wconf 82' lang='grc'><em>“</em></span> 
     </span>
    </p>
   </div>
   <div class='ocr_carea' id='block_1_4' title="bbox 1329 858 1516 925">
    <p class='ocr_par' dir='ltr' id='par_1_4' title="bbox 1329 858 1516 925">
     <span class='ocr_line' id='line_1_4' title="bbox 1329 858 1516 925; baseline -0.016 0"><span class='ocrx_word' id='word_1_13' title='bbox 1329 858 1516 925; x_wconf 81' lang='lat' dir='ltr'><strong>STORICO.</strong></span> 
     </span>
    </p>
   </div>
   <div class='ocr_carea' id='block_1_5' title="bbox 360 1053 2485 1536">
    <p class='ocr_par' dir='ltr' id='par_1_5' title="bbox 360 1053 2485 1411">
     <span class='ocr_line' id='line_1_5' title="bbox 416 1053 2485 1166; baseline 0.002 -34"><span class='ocrx_word' id='word_1_14' title='bbox 416 1056 466 1132; x_wconf 92' lang='lat' dir='ltr'>Et</span> <span class='ocrx_word' id='word_1_15' title='bbox 493 1057 622 1134; x_wconf 85' lang='lat' dir='ltr'>statim</span> <span class='ocrx_word' id='word_1_16' title='bbox 649 1059 794 1165; x_wconf 91' lang='lat' dir='ltr'>prodiit</span> <span class='ocrx_word' id='word_1_17' title='bbox 831 1061 898 1166; x_wconf 94' lang='lat' dir='ltr'>qui</span> <span class='ocrx_word' id='word_1_18' title='bbox 934 1057 1060 1140; x_wconf 90' lang='lat' dir='ltr'>fuerat</span> <span class='ocrx_word' id='word_1_19' title='bbox 1098 1075 1291 1152; x_wconf 75' lang='lat' dir='ltr'>mortuuS,</span> <span class='ocrx_word' id='word_1_20' title='bbox 1327 1055 1372 1134; x_wconf 86' lang='lat' dir='ltr'>li·</span> <span class='ocrx_word' id='word_1_21' title='bbox 1535 1060 1571 1134; x_wconf 85' lang='lat' dir='ltr'><em>E</em></span> <span class='ocrx_word' id='word_1_22' title='bbox 1598 1064 1673 1134; x_wconf 74' lang='lat' dir='ltr'>usci</span> <span class='ocrx_word' id='word_1_23' title='bbox 1700 1055 1817 1135; x_wconf 87' lang='lat' dir='ltr'><em>subito</em></span> <span class='ocrx_word' id='word_1_24' title='bbox 1829 1055 1955 1159; x_wconf 84' lang='lat' dir='ltr'><em>fuora</em></span> <span class='ocrx_word' id='word_1_25' title='bbox 1973 1056 2009 1135; x_wconf 87' lang='lat' dir='ltr'>il</span> <span class='ocrx_word' id='word_1_26' title='bbox 2022 1073 2149 1151; x_wconf 83' lang='lat' dir='ltr'>mortv,</span> <span class='ocrx_word' id='word_1_27' title='bbox 2170 1056 2283 1162; x_wconf 84' lang='lat' dir='ltr'><em>legati</em></span> <span class='ocrx_word' id='word_1_28' title='bbox 2299 1085 2361 1136; x_wconf 74' lang='lat' dir='ltr'>mn</span> <span class='ocrx_word' id='word_1_29' title='bbox 2373 1053 2485 1162; x_wconf 86' lang='lat' dir='ltr'><em>fasce</em></span> 
     </span>
     <span class='ocr_line' id='line_1_6' title="bbox 360 1173 2482 1287; baseline 0.003 -33"><span class='ocrx_word' id='word_1_30' title='bbox 360 1196 468 1283; x_wconf 86' lang='lat' dir='ltr'>gatus</span> <span class='ocrx_word' id='word_1_31' title='bbox 495 1173 614 1286; x_wconf 82' lang='lat' dir='ltr'><strong>pedes</strong></span> <span class='ocrx_word' id='word_1_32' title='bbox 642 1201 681 1261; x_wconf 92' lang='lat' dir='ltr'>et</span> <span class='ocrx_word' id='word_1_33' title='bbox 709 1209 844 1260; x_wconf 87' lang='lat' dir='ltr'><strong>manus</strong></span> <span class='ocrx_word' id='word_1_34' title='bbox 872 1182 1042 1274; x_wconf 43' lang='lat' dir='ltr'>institiss</span> <span class='ocrx_word' id='word_1_35' title='bbox 1060 1198 1099 1258; x_wconf 85' lang='lat' dir='ltr'>ct</span> <span class='ocrx_word' id='word_1_36' title='bbox 1127 1179 1245 1260; x_wconf 83' lang='lat' dir='ltr'>facies</span> <span class='ocrx_word' id='word_1_37' title='bbox 1272 1180 1374 1258; x_wconf 86' lang='lat' dir='ltr'>illius</span> <span class='ocrx_word' id='word_1_38' title='bbox 1483 1183 1499 1259; x_wconf 89' lang='lat' dir='ltr'>i</span> <span class='ocrx_word' id='word_1_39' title='bbox 1518 1180 1621 1286; x_wconf 83' lang='lat' dir='ltr'>piedi</span> <span class='ocrx_word' id='word_1_40' title='bbox 1654 1211 1673 1259; x_wconf 88' lang='lat' dir='ltr'><em>e</em></span> <span class='ocrx_word' id='word_1_41' title='bbox 1709 1182 1740 1258; x_wconf 87' lang='lat' dir='ltr'>le</span> <span class='ocrx_word' id='word_1_42' title='bbox 1774 1182 1896 1273; x_wconf 87' lang='lat' dir='ltr'><em>mani,</em></span> <span class='ocrx_word' id='word_1_43' title='bbox 1924 1211 1943 1260; x_wconf 84' lang='lat' dir='ltr'><em>e</em></span> <span class='ocrx_word' id='word_1_44' title='bbox 1978 1198 2113 1287; x_wconf 85' lang='lat' dir='ltr'>coperro</span> <span class='ocrx_word' id='word_1_45' title='bbox 2151 1182 2186 1258; x_wconf 89' lang='lat' dir='ltr'>il</span> <span class='ocrx_word' id='word_1_46' title='bbox 2216 1179 2316 1260; x_wconf 85' lang='lat' dir='ltr'><em>volto</em></span> <span class='ocrx_word' id='word_1_47' title='bbox 2342 1209 2405 1260; x_wconf 87' lang='lat' dir='ltr'>con</span> <span class='ocrx_word' id='word_1_48' title='bbox 2432 1209 2482 1260; x_wconf 88' lang='lat' dir='ltr'>un</span> 
     </span>
     <span class='ocr_line' id='line_1_7' title="bbox 360 1301 1642 1411; baseline 0.003 -32"><span class='ocrx_word' id='word_1_49' title='bbox 360 1301 512 1381; x_wconf 82' lang='lat' dir='ltr'>sudario</span> <span class='ocrx_word' id='word_1_50' title='bbox 539 1322 621 1382; x_wconf 86' lang='lat' dir='ltr'>erat</span> <span class='ocrx_word' id='word_1_51' title='bbox 648 1305 775 1411; x_wconf 86' lang='lat' dir='ltr'>ligata.</span> <span class='ocrx_word' id='word_1_52' title='bbox 1482 1304 1642 1385; x_wconf 86' lang='lat' dir='ltr'>sudario.</span> 
     </span>
    </p>

    <p class='ocr_par' dir='ltr' id='par_1_6' title="bbox 415 1425 1943 1536">
     <span class='ocr_line' id='line_1_8' title="bbox 415 1425 1943 1536; baseline -0.001 -30"><span class='ocrx_word' id='word_1_53' title='bbox 415 1427 527 1508; x_wconf 85' lang='lat' dir='ltr'>Dixit</span> <span class='ocrx_word' id='word_1_54' title='bbox 555 1431 609 1509; x_wconf 87' lang='lat' dir='ltr'>eis</span> <span class='ocrx_word' id='word_1_55' title='bbox 633 1433 764 1536; x_wconf 88' lang='lat' dir='ltr'><strong>Jesus:</strong></span> <span class='ocrx_word' id='word_1_56' title='bbox 1538 1431 1574 1507; x_wconf 85' lang='lat' dir='ltr'><em>E</em></span> <span class='ocrx_word' id='word_1_57' title='bbox 1601 1428 1696 1506; x_wconf 59' lang='lat' dir='ltr'>Gerr)</span> <span class='ocrx_word' id='word_1_58' title='bbox 1724 1425 1818 1505; x_wconf 83' lang='lat' dir='ltr'><em>disse</em></span> <span class='ocrx_word' id='word_1_59' title='bbox 1844 1427 1943 1506; x_wconf 84' lang='lat' dir='ltr'><em>loro:</em></span> 
     </span>
    </p>
   </div>
   <div class='ocr_carea' id='block_1_6' title="bbox 1343 1640 1502 1706">
    <p class='ocr_par' dir='ltr' id='par_1_7' title="bbox 1343 1640 1502 1706">
     <span class='ocr_line' id='line_1_9' title="bbox 1343 1640 1502 1706; baseline -0.013 0"><span class='ocrx_word' id='word_1_60' title='bbox 1343 1640 1502 1706; x_wconf 87' lang='lat' dir='ltr'><strong>CRISTO.</strong></span> 
     </span>
    </p>
   </div>
   <div class='ocr_carea' id='block_1_7' title="bbox 415 1834 2202 2141">
    <p class='ocr_par' dir='ltr' id='par_1_8' title="bbox 415 1834 2202 2141">
     <span class='ocr_line' id='line_1_10' title="bbox 415 1834 2202 1944; baseline -0.001 -27"><span class='ocrx_word' id='word_1_61' title='bbox 415 1834 563 1917; x_wconf 86' lang='lat' dir='ltr'>Solvite</span> <span class='ocrx_word' id='word_1_62' title='bbox 593 1864 696 1932; x_wconf 89' lang='lat' dir='ltr'>eum,</span> <span class='ocrx_word' id='word_1_63' title='bbox 726 1857 765 1917; x_wconf 89' lang='lat' dir='ltr'>et</span> <span class='ocrx_word' id='word_1_64' title='bbox 794 1837 905 1916; x_wconf 88' lang='lat' dir='ltr'>sinite</span> <span class='ocrx_word' id='word_1_65' title='bbox 933 1836 1049 1916; x_wconf 88' lang='lat' dir='ltr'>abire.</span> <span class='ocrx_word' id='word_1_66' title='bbox 1536 1837 1766 1944; x_wconf 85' lang='lat' dir='ltr'><em>Scioglietelo,</em></span> <span class='ocrx_word' id='word_1_67' title='bbox 1795 1866 1813 1915; x_wconf 88' lang='lat' dir='ltr'><em>e</em></span> <span class='ocrx_word' id='word_1_68' title='bbox 1839 1838 2026 1918; x_wconf 85' lang='lat' dir='ltr'><em>lasciatelo</em></span> <span class='ocrx_word' id='word_1_69' title='bbox 2054 1836 2202 1917; x_wconf 83' lang='lat' dir='ltr'>andare.</span> 
     </span>
     <span class='ocr_line' id='line_1_11' title="bbox 1181 2050 1577 2141; baseline -0.01 -22"><span class='ocrx_word' id='word_1_70' title='bbox 1181 2093 1183 2096; x_wconf 94' lang='lat'>-</span> <span class='ocrx_word' id='word_1_71' title='bbox 1260 2052 1358 2118; x_wconf 88' lang='lat' dir='ltr'>INNO</span> <span class='ocrx_word' id='word_1_72' title='bbox 1381 2050 1426 2139; x_wconf 77' lang='grc' dir='ltr'>(ι)</span> <span class='ocrx_word' id='word_1_73' title='bbox 1447 2051 1577 2141; x_wconf 81' lang='lat' dir='ltr'><strong>(OORO.</strong></span> 
     </span>
    </p>
   </div>
   <div class='ocr_carea' id='block_1_8' title="bbox 430 2243 2253 2727">
    <p class='ocr_par' dir='ltr' id='par_1_9' title="bbox 566 2243 2145 2354">
     <span class='ocr_line' id='line_1_12' title="bbox 566 2243 2145 2354; baseline -0.005 -25"><span class='ocrx_word' id='word_1_74' title='bbox 566 2246 606 2329; x_wconf 93' lang='lat' dir='ltr'>O</span> <span class='ocrx_word' id='word_1_75' title='bbox 636 2243 723 2323; x_wconf 87' lang='lat' dir='ltr'>fons</span> <span class='ocrx_word' id='word_1_76' title='bbox 751 2244 893 2324; x_wconf 87' lang='lat' dir='ltr'>amoris</span> <span class='ocrx_word' id='word_1_77' title='bbox 920 2245 1086 2354; x_wconf 89' lang='lat' dir='ltr'>inclyte!</span> <span class='ocrx_word' id='word_1_78' title='bbox 1639 2246 1804 2326; x_wconf 83' lang='lat' dir='ltr'>D&#39;amor</span> <span class='ocrx_word' id='word_1_79' title='bbox 1823 2243 1937 2349; x_wconf 82' lang='lat' dir='ltr'><em>sonte</em></span> <span class='ocrx_word' id='word_1_80' title='bbox 1963 2245 2145 2338; x_wconf 82' lang='lat' dir='ltr'>mirabile,</span> 
     </span>
    </p>

    <p class='ocr_par' dir='ltr' id='par_1_10' title="bbox 571 2368 2210 2479">
     <span class='ocr_line' id='line_1_13' title="bbox 571 2368 2210 2479; baseline 0.001 -32"><span class='ocrx_word' id='word_1_81' title='bbox 571 2368 609 2447; x_wconf 95' lang='lat' dir='ltr'>O</span> <span class='ocrx_word' id='word_1_82' title='bbox 639 2395 736 2447; x_wconf 84' lang='lat' dir='ltr'>vena</span> <span class='ocrx_word' id='word_1_83' title='bbox 764 2395 952 2476; x_wconf 85' lang='lat' dir='ltr'>aquarum</span> <span class='ocrx_word' id='word_1_84' title='bbox 980 2369 1162 2477; x_wconf 87' lang='lat' dir='ltr'>limpida!</span> <span class='ocrx_word' id='word_1_85' title='bbox 1641 2373 1795 2451; x_wconf 84' lang='lat' dir='ltr'><em>Ovena</em></span> <span class='ocrx_word' id='word_1_86' title='bbox 1823 2369 1973 2479; x_wconf 85' lang='lat' dir='ltr'><em>d&#39;acque</em></span> <span class='ocrx_word' id='word_1_87' title='bbox 1999 2368 2165 2476; x_wconf 78' lang='lat' dir='ltr'>limpida,</span> <span class='ocrx_word' id='word_1_88' title='bbox 2207 2440 2210 2449; x_wconf 93' lang='grc'><em>.</em></span> 
     </span>
    </p>

    <p class='ocr_par' dir='ltr' id='par_1_11' title="bbox 430 2491 2253 2727">
     <span class='ocr_line' id='line_1_14' title="bbox 571 2491 2253 2588; baseline 0.001 -16"><span class='ocrx_word' id='word_1_89' title='bbox 571 2494 608 2572; x_wconf 95' lang='grc' dir='ltr'>Ο</span> <span class='ocrx_word' id='word_1_90' title='bbox 636 2491 796 2571; x_wconf 85' lang='lat' dir='ltr'>flamma</span> <span class='ocrx_word' id='word_1_91' title='bbox 825 2494 987 2572; x_wconf 88' lang='lat' dir='ltr'>adurens</span> <span class='ocrx_word' id='word_1_92' title='bbox 1017 2494 1199 2574; x_wconf 88' lang='lat' dir='ltr'>crimina!</span> <span class='ocrx_word' id='word_1_93' title='bbox 1637 2497 1809 2576; x_wconf 76' lang='lat' dir='ltr'><em>Fiamma</em></span> <span class='ocrx_word' id='word_1_94' title='bbox 1837 2496 1898 2574; x_wconf 78' lang='lat' dir='ltr'>che</span> <span class='ocrx_word' id='word_1_95' title='bbox 1924 2496 1942 2573; x_wconf 91' lang='lat' dir='ltr'>i</span> <span class='ocrx_word' id='word_1_96' title='bbox 1966 2495 2050 2575; x_wconf 82' lang='lat' dir='ltr'>vizi</span> <span class='ocrx_word' id='word_1_97' title='bbox 2076 2495 2253 2588; x_wconf 62' lang='lat' dir='ltr'>induero,</span> 
     </span>
     <span class='ocr_line' id='line_1_15' title="bbox 430 2617 2199 2727; baseline 0.001 -30"><span class='ocrx_word' id='word_1_98' title='bbox 430 2655 435 2668; x_wconf 89' lang='lat'><em>·</em></span> <span class='ocrx_word' id='word_1_99' title='bbox 570 2618 608 2697; x_wconf 94' lang='grc' dir='ltr'>Ο</span> <span class='ocrx_word' id='word_1_100' title='bbox 637 2617 764 2696; x_wconf 86' lang='lat' dir='ltr'>cordis</span> <span class='ocrx_word' id='word_1_101' title='bbox 792 2617 928 2696; x_wconf 84' lang='lat' dir='ltr'>ardens</span> <span class='ocrx_word' id='word_1_102' title='bbox 957 2619 1142 2700; x_wconf 85' lang='lat' dir='ltr'>charitas!</span> <span class='ocrx_word' id='word_1_103' title='bbox 1640 2622 1715 2700; x_wconf 85' lang='lat' dir='ltr'>De’</span> <span class='ocrx_word' id='word_1_104' title='bbox 1730 2622 1834 2701; x_wconf 85' lang='lat' dir='ltr'>cuori</span> <span class='ocrx_word' id='word_1_105' title='bbox 1859 2622 2007 2700; x_wconf 80' lang='lat' dir='ltr'><em>ardente</em></span> <span class='ocrx_word' id='word_1_106' title='bbox 2029 2620 2199 2727; x_wconf 72' lang='lat' dir='ltr'>pulpito!</span> 
     </span>
    </p>
   </div>
   <div class='ocr_carea' id='block_1_9' title="bbox 1157 2981 1680 3068">
    <p class='ocr_par' dir='ltr' id='par_1_12' title="bbox 1157 2981 1680 3068">
     <span class='ocr_line' id='line_1_16' title="bbox 1157 2981 1680 3068; baseline 0.008 -26"><span class='ocrx_word' id='word_1_107' title='bbox 1157 2981 1374 3044; x_wconf 68' lang='grc' dir='ltr'>νΑκιΑΝΤΕ</span> <span class='ocrx_word' id='word_1_108' title='bbox 1396 2981 1680 3068; x_wconf 79' lang='lat' dir='ltr'><strong>(ORCHESTRA).</strong></span> 
     </span>
    </p>
   </div>
   <div class='ocr_carea' id='block_1_10' title="bbox 1262 3176 1582 3191">
    <p class='ocr_par' dir='ltr' id='par_1_13' title="bbox 1262 3176 1582 3191">
     <span class='ocr_line' id='line_1_17' title="bbox 1262 3176 1582 3191; baseline 0.009 -3"><span class='ocrx_word' id='word_1_109' title='bbox 1262 3176 1582 3191; x_wconf 52' lang='lat' dir='ltr'>m</span> 
     </span>
    </p>
   </div>
   <div class='ocr_carea' id='block_1_11' title="bbox 564 3289 2266 3794">
    <p class='ocr_par' dir='ltr' id='par_1_14' title="bbox 564 3289 2126 3419">
     <span class='ocr_line' id='line_1_18' title="bbox 564 3289 2126 3419; baseline 0.001 -30"><span class='ocrx_word' id='word_1_110' title='bbox 564 3312 671 3415; x_wconf 85' lang='lat' dir='ltr'>Jesu,</span> <span class='ocrx_word' id='word_1_111' title='bbox 700 3307 771 3387; x_wconf 91' lang='lat' dir='ltr'>tibi</span> <span class='ocrx_word' id='word_1_112' title='bbox 800 3309 846 3387; x_wconf 91' lang='lat' dir='ltr'>sit</span> <span class='ocrx_word' id='word_1_113' title='bbox 873 3289 1019 3415; x_wconf 30' lang='lat' dir='ltr'>gloria(</span> <span class='ocrx_word' id='word_1_114' title='bbox 1641 3311 1774 3413; x_wconf 88' lang='lat' dir='ltr'><em>Ognun</em></span> <span class='ocrx_word' id='word_1_115' title='bbox 1804 3310 1899 3388; x_wconf 71' lang='lat' dir='ltr'><em>Gesz&#39;c</em></span> <span class='ocrx_word' id='word_1_116' title='bbox 1921 3310 2126 3419; x_wconf 68' lang='lat' dir='ltr'>glorificlri,</span> 
     </span>
    </p>

    <p class='ocr_par' dir='ltr' id='par_1_15' title="bbox 571 3426 2133 3544">
     <span class='ocr_line' id='line_1_19' title="bbox 571 3426 2133 3544; baseline 0.003 -31"><span class='ocrx_word' id='word_1_117' title='bbox 571 3436 650 3521; x_wconf 80' lang='lat' dir='ltr'>Qui</span> <span class='ocrx_word' id='word_1_118' title='bbox 677 3453 786 3513; x_wconf 86' lang='lat' dir='ltr'>natus</span> <span class='ocrx_word' id='word_1_119' title='bbox 815 3461 854 3511; x_wconf 85' lang='lat' dir='ltr'>es</span> <span class='ocrx_word' id='word_1_120' title='bbox 882 3433 930 3512; x_wconf 90' lang='lat' dir='ltr'>de</span> <span class='ocrx_word' id='word_1_121' title='bbox 959 3431 1132 3540; x_wconf 87' lang='lat' dir='ltr'>Virgine,</span> <span class='ocrx_word' id='word_1_122' title='bbox 1639 3435 1683 3513; x_wconf 88' lang='lat' dir='ltr'>Il</span> <span class='ocrx_word' id='word_1_123' title='bbox 1705 3437 1808 3514; x_wconf 82' lang='lat' dir='ltr'><em>Nato</em></span> <span class='ocrx_word' id='word_1_124' title='bbox 1837 3426 1934 3514; x_wconf 85' lang='lat' dir='ltr'><em>della</em></span> <span class='ocrx_word' id='word_1_125' title='bbox 1969 3439 2133 3544; x_wconf 83' lang='lat' dir='ltr'>Vergine,</span> 
     </span>
    </p>

    <p class='ocr_par' dir='ltr' id='par_1_16' title="bbox 572 3556 2266 3794">
     <span class='ocr_line' id='line_1_20' title="bbox 572 3556 2266 3669; baseline 0.001 -28"><span class='ocrx_word' id='word_1_126' title='bbox 572 3564 675 3641; x_wconf 88' lang='lat' dir='ltr'>Cum</span> <span class='ocrx_word' id='word_1_127' title='bbox 703 3563 816 3641; x_wconf 87' lang='lat' dir='ltr'>Patre</span> <span class='ocrx_word' id='word_1_128' title='bbox 846 3578 885 3639; x_wconf 86' lang='lat' dir='ltr'>et</span> <span class='ocrx_word' id='word_1_129' title='bbox 911 3560 1016 3640; x_wconf 85' lang='lat' dir='ltr'><strong>almo</strong></span> <span class='ocrx_word' id='word_1_130' title='bbox 1046 3560 1193 3667; x_wconf 82' lang='lat' dir='ltr'>Spiritu</span> <span class='ocrx_word' id='word_1_131' title='bbox 1642 3556 1712 3639; x_wconf 88' lang='lat' dir='ltr'>Col</span> <span class='ocrx_word' id='word_1_132' title='bbox 1734 3560 1857 3640; x_wconf 84' lang='lat' dir='ltr'><em>Padre</em></span> <span class='ocrx_word' id='word_1_133' title='bbox 1882 3591 1901 3639; x_wconf 86' lang='lat' dir='ltr'><em>e</em></span> <span class='ocrx_word' id='word_1_134' title='bbox 1927 3560 1963 3638; x_wconf 89' lang='lat' dir='ltr'>il</span> <span class='ocrx_word' id='word_1_135' title='bbox 1986 3564 2096 3641; x_wconf 87' lang='lat' dir='ltr'><em>Santo</em></span> <span class='ocrx_word' id='word_1_136' title='bbox 2125 3564 2266 3669; x_wconf 84' lang='lat' dir='ltr'>Spirito</span> 
     </span>
     <span class='ocr_line' id='line_1_21' title="bbox 572 3683 2090 3794; baseline 0 -28"><span class='ocrx_word' id='word_1_137' title='bbox 572 3691 616 3766; x_wconf 89' lang='lat' dir='ltr'>In</span> <span class='ocrx_word' id='word_1_138' title='bbox 643 3685 881 3794; x_wconf 84' lang='lat' dir='ltr'>sempiterna</span> <span class='ocrx_word' id='word_1_139' title='bbox 909 3683 1071 3764; x_wconf 83' lang='lat' dir='ltr'><strong>saecula.</strong></span> <span class='ocrx_word' id='word_1_140' title='bbox 1640 3685 1716 3765; x_wconf 85' lang='lat' dir='ltr'>Nei</span> <span class='ocrx_word' id='word_1_141' title='bbox 1740 3687 1950 3793; x_wconf 82' lang='lat' dir='ltr'>sempiterni</span> <span class='ocrx_word' id='word_1_142' title='bbox 1975 3688 2090 3767; x_wconf 87' lang='lat' dir='ltr'>secoli.</span> 
     </span>
    </p>
   </div>
   <div class='ocr_carea' id='block_1_12' title="bbox 1340 3860 1501 3967">
    <p class='ocr_par' dir='ltr' id='par_1_17' title="bbox 1340 3860 1501 3967">
     <span class='ocr_line' id='line_1_22' title="bbox 1340 3860 1501 3967; baseline 0 0"><span class='ocrx_word' id='word_1_143' title='bbox 1340 3860 1501 3967; x_wconf 74' lang='lat' dir='ltr'>rrrALE.</span> 
     </span>
    </p>
   </div>
   <div class='ocr_carea' id='block_1_13' title="bbox 571 4098 2151 4209">
    <p class='ocr_par' dir='ltr' id='par_1_18' title="bbox 571 4098 2151 4209">
     <span class='ocr_line' id='line_1_23' title="bbox 571 4098 2151 4209; baseline 0.001 -32"><span class='ocrx_word' id='word_1_144' title='bbox 571 4098 854 4177; x_wconf 85' lang='lat' dir='ltr'>Benedicamus</span> <span class='ocrx_word' id='word_1_145' title='bbox 882 4098 1078 4177; x_wconf 90' lang='lat' dir='ltr'>Domino!</span> <span class='ocrx_word' id='word_1_146' title='bbox 1108 4105 1121 4199; x_wconf 82' lang='grc'>(</span> <span class='ocrx_word' id='word_1_147' title='bbox 1147 4106 1173 4199; x_wconf 83' lang='grc'>).</span> <span class='ocrx_word' id='word_1_148' title='bbox 1640 4098 1888 4180; x_wconf 83' lang='lat' dir='ltr'>Benediciamo</span> <span class='ocrx_word' id='word_1_149' title='bbox 1917 4102 1952 4179; x_wconf 88' lang='lat' dir='ltr'>il</span> <span class='ocrx_word' id='word_1_150' title='bbox 1975 4102 2151 4209; x_wconf 83' lang='lat' dir='ltr'>Signore!</span> 
     </span>
    </p>
   </div>
   <div class='ocr_carea' id='block_1_14' title="bbox 390 6180 1416 6251">
    <p class='ocr_par' dir='ltr' id='par_1_19' title="bbox 390 6180 1416 6251">
     <span class='ocr_line' id='line_1_24' title="bbox 390 6180 1416 6251; baseline 0.001 -17"><span class='ocrx_word' id='word_1_151' title='bbox 390 6183 426 6245; x_wconf 86' lang='grc'>(1)</span> <span class='ocrx_word' id='word_1_152' title='bbox 445 6181 512 6235; x_wconf 73' lang='lat' dir='ltr'>narr</span> <span class='ocrx_word' id='word_1_153' title='bbox 524 6182 590 6235; x_wconf 80' lang='lat' dir='ltr'>luno</span> <span class='ocrx_word' id='word_1_154' title='bbox 610 6183 652 6237; x_wconf 80' lang='lat' dir='ltr'>del</span> <span class='ocrx_word' id='word_1_155' title='bbox 671 6184 714 6237; x_wconf 84' lang='lat' dir='ltr'>SS.</span> <span class='ocrx_word' id='word_1_156' title='bbox 735 6180 823 6237; x_wconf 81' lang='lat' dir='ltr'>Cuoro</span> <span class='ocrx_word' id='word_1_157' title='bbox 841 6185 868 6237; x_wconf 83' lang='lat' dir='ltr'>di</span> <span class='ocrx_word' id='word_1_158' title='bbox 888 6182 968 6238; x_wconf 70' lang='lat' dir='ltr'>Gesi.</span> <span class='ocrx_word' id='word_1_159' title='bbox 1006 6212 1042 6225; x_wconf 90' lang='lat'><em>-</em></span> <span class='ocrx_word' id='word_1_160' title='bbox 1078 6184 1113 6248; x_wconf 82' lang='grc'>(2)</span> <span class='ocrx_word' id='word_1_161' title='bbox 1132 6182 1227 6237; x_wconf 80' lang='lat' dir='ltr'>Corale</span> <span class='ocrx_word' id='word_1_162' title='bbox 1246 6188 1416 6251; x_wconf 75' lang='lat' dir='ltr'>gregoriano.</span> 
     </span>
    </p>
   </div>
   <div class='ocr_carea' id='block_1_15' title="bbox 0 0 2663 7092">
    <p class='ocr_par' dir='ltr' id='par_1_20' title="bbox 0 0 2663 7092">
     <span class='ocr_line' id='line_1_25' title="bbox 0 0 2663 7092; baseline 0 0"><span class='ocrx_word' id='word_1_163' title='bbox 0 0 2663 7092; x_wconf 95' lang='lat' dir='ltr'> </span> 
     </span>
    </p>
   </div>
  </div>
 </body>
</html>
