5300 7100
959 213 1009 266 LA
1038 211 1315 268 RISURREZIONE
1343 214 1384 268 nt
1412 213 1580 268 amnuo

1169 445 1355 514 STORICO.

262 646 435 734 Quidam
462 663 593 724 autem
622 672 671 724 ex
698 644 787 753 ipsis
814 643 1012 724 dixerunt:
1376 647 1449 724 Mo
1477 647 1599 725 toloni
1625 647 1666 725 di
1691 647 1762 727 essi
1787 646 1943 726 dissero:

1206 863 1324 930 CORO.

258 1058 353 1139 Non
382 1073 532 1165 poterat
550 1056 649 1154 ·hi'c‚
679 1059 746 1168 qui
774 1059 923 1166 aperuit
950 1059 1082 1140 oculos
1111 1062 1217 1139 caeci
1380 1064 1415 1139 E
1440 1088 1510 1139 non
1533 1076 1666 1167 patruo
1693 1061 1825 1154 coetui,
1853 1061 1916 1140 che
1948 1068 2033 1166 apri
2064 1061 2125 1166 gli
2159 1062 2255 1139 occdi
2281 1087 2321 1139 oo

201 1185 297 1279 nati,
327 1181 457 1262 facere
485 1202 527 1262 ut
541 1181 620 1262 tric
648 1210 725 1263 non
756 1186 995 1263 moreretur?
1328 1184 1415 1263 cieco
1442 1200 1539 1277 noto,
1560 1181 1658 1290 foro
1683 1212 1820 1263 ancora
1848 1185 1910 1264 che
1925 1186 2040 1292 questi
2061 1211 2130 1263 non
2148 1185 2325 1263 morisse?

1171 1401 1356 1468 STORICO.

255 1599 367 1702 Jesus
395 1621 487 1701 ergo
515 1623 667 1675 rursum
699 1595 870 1675 fremens
907 1596 947 1675 in
983 1597 1212 1706 semetipso,
1377 1598 1451 1688 Mo
1479 1597 1574 1676 Geso
1600 1595 1642 1676 di
1667 1624 1783 1675 nuovo
1813 1592 2007 1700 fremendo
2035 1591 2320 1691 interiormente,

205 1721 312 1800 venit
338 1718 386 1797 ad
414 1739 737 1814 monumentum;
766 1738 848 1800 erat
871 1739 1002 1802 autem
1020 1721 1213 1830 spelunca,
1324 1723 1455 1801 orrivo
1482 1721 1528 1800 al
1550 1720 1726 1827 seperiora,
1755 1721 1907 1800 chroro
1934 1750 2009 1800 uno
2036 1750 2206 1816 caverna,
2240 1721 2321 1800 olla

206 1863 245 1922 et
272 1842 367 1950 lapis
393 1843 650 1947 superpositus
679 1861 759 1935 erat
786 1841 834 1919 ei.
1322 1845 1431 1953 quale
1454 1875 1520 1925 ero
1546 1862 1645 1924 stato
1672 1859 1908 1951 sopropposto
1935 1873 2009 1924 uno
2037 1845 2168 1950 pietro.

260 1967 327 2046 Ait
350 1967 481 2070 Jesus:
1194 1968 1195 1972 ¹
1377 1971 1493 2048 Disse
1520 1973 1642 2048 Geso:
1776 1989 1780 1997 '

1189 2179 1348 2244 CRISTO.

234 2371 404 2451 Tollite
433 2371 616 2480 lapidem.
1382 2373 1538 2481 Togliete
1562 2375 1629 2453 via
1658 2377 1696 2453 lo
1718 2374 1852 2481 pietro.

1170 2584 1358 2653 STORICO.

259 2780 369 2860 Dicit
397 2780 435 2859 ei
463 2777 631 2862 Martha.
664 2842 670 2860 .
702 2838 711 2860 .
743 2739 766 2860 .-
784 2839 1028 2864 .......
1034 2778 1035 2782 ’
1378 2783 1550 2891 Dissegli
1575 2786 1712 2863 Marto
1713 2841 2075 2868 ..........

1187 2998 1347 3063 MARTA.

259 3191 445 3288 Domine,
470 3193 555 3296 jam
574 3190 709 3286 foetet,
728 3192 1000 3301 quatriduanus
1019 3213 1076 3275 est
1095 3195 1213 3278 enim.
1378 3196 1546 3303 Signore,
1574 3198 1609 3275 ei
1628 3211 1759 3301 puzzo
1781 3196 1869 3300 gio,
1893 3194 2023 3299 perche
2055 3203 2074 3272 ὲ
2099 3193 2140 3272 di
2172 3211 2320 3303 quottro

1315 3349 1453 3429 grornr.

1169 3519 1356 3603 ssomco.

258 3725 368 3806 Dicit
395 3727 432 3805 ei
455 3730 587 3833 Jesus:
1377 3734 1562 3840 Risposele
1588 3734 1704 3813 Geso:

1184 3946 1343 4014 CRiSTO.

256 4137 402 4220 Nonne
431 4139 513 4220 dixi
539 4141 610 4248 tibi
638 4144 826 4254 quoniam
851 4144 883 4224 si
911 4142 1132 4238 credideris,
1160 4145 1216 4223 vi·
1379 4148 1466 4225 Non
1495 4146 1526 4224 ti
1551 4146 1596 4224 bo
1616 4146 1649 4224 io
1669 4143 1760 4225 detto
1779 4146 1849 4241 che,
1866 4176 1908 4225 se
1933 4142 2106 4236 crederoi,
2124 4142 2256 4224 vedrai
2281 4145 2320 4223 lo

204 4264 313 4346 debis
338 4265 504 4372 gloriam
532 4268 634 4347 Dei?
1317 4272 1446 4378 gloria
1472 4270 1512 4350 di
1539 4271 1651 4351 Dio?

1070 4453 1072 4457 ’
1168 4484 1355 4554 srouroo.

256 4677 448 4759 Tulerunt
476 4704 567 4787 ergo
596 4678 788 4788 lapidem:
813 4683 926 4786 Jesus
953 4702 1106 4776 autem,
1136 4682 1215 4761 ele·
1377 4685 1571 4763 Louorono
1599 4680 1739 4790 dunque
1766 4683 1805 4797 lo
1827 4685 1974 4789 pietro;
2001 4714 2019 4760 e
2046 4684 2141 4760 Geso
2169 4682 2253 4760 olzo
2282 4681 2320 4760 in

204 4802 297 4883 vatis
324 4832 473 4886 sursum
500 4805 634 4901 oculia
662 4806 778 4887 dixit:
1321 4808 1397 4886 alto
1420 4808 1482 4916 gli
1508 4806 1615 4900 occhr',
1643 4836 1663 4884 e
1691 4805 1786 4885 disse
1794 4840 1808 4884 .·

1185 5024 1342 5095 CRISTO.

257 5224 381 5317 Pater,
424 5222 562 5329 gratias
603 5248 676 5331 ago
717 5222 808 5317 tibi,
851 5221 1036 5333 quoniam
1078 5222 1216 5303 audisti
1376 5222 1523 5317 Padre,
1560 5221 1668 5302 rendo
1706 5253 1730 5301 o
1766 5240 1800 5302 te
1829 5223 1983 5330 grazia,
2017 5223 2147 5329 perch?
2172 5222 2226 5301 mi
2257 5220 2325 5299 hai

203 5374 282 5431 me.
411 5422 413 5427 ,
861 5432 863 5436 ,
1324 5349 1493 5429 esoudito.

257 5476 341 5581 Ego
369 5492 501 5554 autem
523 5474 697 5555 sciebam
716 5476 806 5585 quia
825 5502 981 5584 semper
999 5502 1064 5553 me
1085 5475 1211 5563 audis:
1377 5479 1419 5556 lo
1441 5485 1528 5583 pero
1556 5493 1693 5583 sopevo
1721 5477 1782 5556 che
1807 5494 1944 5585 sempre
1969 5477 2023 5556 mi
2038 5474 2239 5569 esoudisci,·
2262 5502 2322 5553 mo

203 5599 270 5680 sed
305 5618 465 5709 propter
500 5600 690 5710 populum
727 5602 794 5711 qui
828 5602 1071 5697 circumstat,
1109 5602 1210 5681 dixi:
1322 5602 1395 5681 l’lso
1423 5601 1515 5682 detto
1538 5618 1607 5708 per
1634 5631 1746 5682 causo
1774 5600 1835 5680 del
1853 5602 1979 5710 popolo
2008 5600 2069 5681 che
2084 5617 2145 5679 sto
2167 5601 2321 5694 intorno,

202 5746 244 5806 ut
258 5716 431 5808 'credant
459 5727 550 5837 quia
577 5746 617 5807 tu
646 5755 710 5807 me
740 5727 887 5811 misisti.
1321 5726 1473 5836 offincho
1498 5726 1650 5808 oredono
1680 5727 1741 5806 cbo
1767 5744 1806 5805 tu
1834 5726 1980 5806 midai
2006 5723 2187 5806 mandato.

1171 5944 1359 6014 STORICO.

256 6144 370 6225 Haec
399 6172 491 6225 cum
518 6144 686 6243 dixisset,
713 6172 811 6225 voce
841 6170 981 6252 magna
1010 6142 1211 6223 clamavit:
1376 6146 1412 6222 E
1438 6140 1530 6221 detto
1557 6158 1688 6250 questo,
1718 6170 1779 6221 oon
1807 6169 1891 6221 voce
1917 6168 2047 6220 sonoro
2068 6134 2203 6244 grido:
