5300 7100
963 155 1011 208 LA
1042 153 1318 210 RISURREZIONE
1347 155 1387 208 Dl
1416 154 1585 210 LAZZARO

1177 387 1362 454 STORICO.

265 586 315 662 Et
342 608 434 660 cum
461 579 560 660 haec
580 581 747 676 dixisset,
768 581 874 676 abiit,
894 604 933 661 et
951 584 1103 664 vocavit
1123 586 1213 661 Ma·
1375 579 1527 662 Edeno
1554 600 1693 691 questo,
1720 583 1835 676 ande,
1864 613 1883 661 e
1915 585 2056 662 chinni
2093 581 2133 662 di
2168 600 2328 666 nascosto

210 705 309 786 riam
337 732 510 786 sororem
538 733 647 784 suam
674 706 838 801 silentio,
867 706 1019 787 dicens:
1320 707 1456 786 Maria
1484 736 1553 785 sun
1580 709 1725 802 sorella,
1753 707 1952 789 dicendole:

1188 924 1354 991 MARTA.

264 1117 453 1223 Magister
481 1117 599 1213 adest,
629 1137 668 1197 et
696 1139 807 1198 vocat
834 1139 883 1198 te.
1377 1101 1412 1199 Ε
1437 1119 1503 1228 qni
1528 1119 1563 1197 il
1585 1121 1764 1215 Maestro,
1792 1153 1810 1200 e
1837 1124 1869 1201 ti
1892 1125 2048 1203 chiama.

1177 1333 1364 1400 STORICO.

265 1529 355 1623 Illa,
392 1548 434 1608 ut
470 1531 636 1626 audivit,
673 1531 792 1636 surgit
828 1530 928 1623 cito,
965 1551 1004 1610 et
1032 1531 1137 1612 venit
1163 1532 1213 1610 ad
1376 1532 1488 1626 Elln,
1516 1539 1656 1640 appenn
1684 1535 1782 1613 ndito
1810 1553 1950 1642 questo,
1978 1536 2119 1616 alzossi
2144 1538 2184 1615 in
2203 1535 2333 1642 fretra

1322 1655 1460 1738 eundi
1487 1687 1513 1736 a
1541 1658 1618 1737 ini:

258 1902 401 2005 Judaei
428 1928 532 2009 erg0,
561 1903 628 2010 qui
655 1924 764 1981 erant
792 1930 884 1982 cum
903 1931 948 1982 ea
965 1904 1006 1980 in
1024 1904 1156 2000 domo,
1177 1926 1216 1983 et
1376 1907 1405 1984 Ι
1428 1905 1561 1984 Giudei
1580 1908 1712 2011 percio,
1740 1909 1803 1987 che
1827 1940 1937 1992 erano
1965 1911 2005 1989 in
2032 1940 2120 1990 casa
2151 1906 2214 1991 eon
2240 1939 2333 2006 essa,

210 2027 619 2119 consolabantur-eam,
635 2052 727 2105 cum
741 2027 925 2107 vidissent
940 2028 1113 2107 Mariam
1127 2030 1216 2138 quia
1323 2031 1394 2108 ela
1408 2030 1726 2125 racconsolavano,
1739 2033 1867 2113 oeduto
1883 2035 2019 2115 avendo
2033 2036 2171 2115 Maria
2184 2037 2332 2116 alzarst

211 2150 289 2230 cito
307 2151 470 2230 surrexit
488 2170 527 2230 et
546 2152 652 2246 exiit,
667 2152 789 2230 secuti
807 2170 893 2230 sunt
912 2181 1002 2231 eam
1020 2153 1213 2233 dicentes:
1323 2159 1363 2234 in
1383 2152 1512 2261 fretta
1538 2186 1557 2232 e
1581 2159 1680 2236 nscri*
1691 2157 1817 2262 sueri,
1838 2160 1877 2238 la
1905 2161 2145 2268 segnitnrono,
2164 2159 2308 2241 dicendo
2319 2194 2334 2240 .·

1212 2369 1332 2434 CORO.

265 2565 366 2652 Quia
394 2564 498 2643 vadit
526 2565 575 2643 ad
603 2585 917 2661 monumentum,
936 2585 977 2645 ut
997 2566 1122 2674 ploret
1149 2566 1214 2648 ibi.
1378 2569 1471 2665 Elia
1496 2599 1548 2648 vn
1575 2569 1620 2674 nl
1642 2572 1798 2676 sepulcro
1820 2587 1888 2677 per
1916 2572 1976 2650 ivi
1994 2573 2178 2679 piangere.

1110 2798 1208 2862 nuo
1231 2798 1276 2886 (ι)
1297 2797 1439 2888 (cono).

424 2996 625 3076 Scrutatur
652 2994 756 3072 alme
774 2994 976 3088 cordium,
1486 3000 1552 3076 Sni
1577 3000 1703 3106 d'ogni
1730 3030 1792 3079 cor
1819 3002 1852 3080 le
1879 3001 2022 3096 latebre,

424 3117 581 3200 Infirma
608 3136 649 3196 tu
677 3118 750 3197 scis
776 3118 938 3197 virium:
1484 3120 1562 3198 Noi
1585 3120 1670 3198 vedi
1695 3119 1855 3226 infermi
1879 3152 1898 3199 e
1922 3119 2060 3200 debili!

422 3243 488 3323 Ad
516 3263 553 3322 te
583 3243 741 3324 reversis
770 3243 911 3323 exhibe
1484 3250 1528 3325 A
1552 3264 1585 3324 te
1611 3248 1797 3326 torniam:
1823 3247 2005 3327 concedine

425 3368 675 3448 Remissionis
702 3369 877 3476 gratiam.
1388 3458 1392 3462 s
1485 3370 1565 3449 Del
1589 3388 1648 3451 tuo
1672 3372 1808 3476 perdon
1838 3374 1876 3450 la
1898 3373 2051 3478 grazia.

934 3684 1061 3751 rnna
1087 3685 1305 3751 vnnrmrn
1327 3685 1611 3775 (onenasrnn).

1211 4016 1330 4083 CORO‚

425 4174 603 4254 Multum
630 4172 792 4282 quidem
818 4175 1079 4281 peccavimus,
1486 4183 1542 4260 Le
1565 4200 1686 4261 nostre
1711 4184 1807 4288 colpe
1832 4183 2017 4263 innumere

425 4306 506 4387 Sed
533 4331 648 4409 parce
678 4303 958 4385 confitentibus.
1486 4306 1565 4385 Noi
1589 4304 1833 4411 confinium:
1854 4307 2079 4414 perdonari!

423 4430 488 4509 Ad
516 4429 683 4508 nominis
711 4428 868 4507 laudem
895 4431 964 4525 tui,
1486 4431 1572 4527 Noi,
1601 4430 1664 4511 del
1686 4448 1745 4510 tuo
1773 4461 1873 4510 nome
1898 4461 1924 4510 a
1946 4433 2085 4538 gloria,

425 4554 574 4635 Confer
601 4555 801 4634 medelam
828 4556 1026 4663 languidis.
1483 4556 1577 4635 Sani
1600 4555 1642 4636 di
1661 4556 1806 4664 grazia
1833 4556 1867 4634 il
1890 4555 2064 4637 balsamo.

905 4868 1100 4935 sncounn
1124 4868 1342 4934 vnnnurn
1364 4868 1647 4957 (oncrnsrnn).

1212 5202 1332 5267 CORO.

428 5362 594 5454 Praesta,
623 5364 737 5441 Pater
765 5362 949 5467 piissime,
1487 5360 1611 5439 Padre
1630 5361 1777 5465 pieton,
1805 5365 1988 5458 ascoltan',

426 5485 607 5591 Patrique
637 5510 799 5591 compar
826 5485 968 5577 Unice,
1457 5486 1522 5561 Ἐ
1554 5483 1619 5575 Tu,
1650 5483 1771 5560 Cristo
1803 5483 2006 5590 Unigenito,

426 5614 530 5688 Cum
558 5608 705 5715 Spiritu
733 5609 924 5687 Paraclito
1486 5608 1674 5714 Regnunte
1699 5607 1757 5686 col
1780 5610 1971 5688 Paraclite

427 5738 606 5839 Regnans
633 5760 703 5840 per
731 5761 849 5812 omne
877 5724 1086 5815 saeculum.
1487 5734 1560 5811 Per
1580 5732 1639 5839 gf
1654 5732 1691 5811 in
1692 5734 1799 5842 finiti
1824 5734 1938 5814 secoli.

229 6123 231 6127 ψ
250 6090 285 6150 (l)
303 6086 371 6137 Dall’
383 6086 449 6137 Inno
467 6086 536 6138 delle
552 6085 717 6137 Domaniche
735 6085 762 6136 di
782 6084 943 6153 Quaresima
